2592 3562
386 363 446 392 326
783 359 957 391 JOANNIS
981 359 1098 390 PAPAE
1120 359 1222 390 XXII.
1245 359 1496 400 (1316-1334).
1518 377 1558 383 —
1579 360 1766 392 LITTERAE
1789 360 2014 393 COMMUNES

416 450 518 477 Datum
545 444 726 478 Avenione.

401 551 418 579 7
436 553 531 588 (non.)
546 555 629 580 mart.
652 551 739 579 1325.
859 546 993 578 21749.
1017 567 1051 572 -
1070 548 1212 579 Conrado
1229 548 1266 579 de
1280 547 1521 589 Seeckelinberq,
1542 549 1729 590 Mayuntin„
1749 554 1778 580 et
1801 548 1934 590 Ludolso
1951 548 1988 580 de
2002 549 2131 581 Holvels
2145 559 2182 581 ae
2195 550 2365 583 Pircivalto
2377 558 2414 583 aa

518 597 548 624 T·
570 596 623 624 XL.
814 602 880 637 Elz,
902 602 1061 633 Treveren.
1088 613 1155 632 can.
1179 601 1266 639 eccl„
1288 602 1401 634 mand.
1426 603 1463 634 ut
1479 601 1606 634 Jacobo
1629 602 1669 633 de
1697 602 1826 634 Lorche
1849 602 2025 635 conferant
2049 604 2309 644 praeposituram
2331 605 2412 637 cccl.

814 666 842 688 s.
861 657 1010 688 Victoris
1027 658 1123 687 extra
1147 663 1263 686 muros
1281 655 1483 695 Maguntin.,
1511 655 1608 695 cujus
1633 656 1763 687 existit.
1787 664 1875 693 cau„
1902 664 1979 687 cum
2001 656 2106 696 praeb.
2132 657 2243 689 eidem
2269 666 2413 694 annexa,

814 719 913 750 quam
934 710 1102 749 quondam
1119 709 1307 740 Weinerus
1326 708 1366 739 de
1381 708 1561 740 Boliandia
1577 717 1644 740 una
1660 717 1736 740 cum
1755 709 1823 741 alio
1840 708 1951 740 benef.
1973 718 2001 742 c.
2021 718 2049 741 c.
2070 712 2188 742 contra
2207 711 2343 743 constit.
2360 720 2414 744 su-

813 772 873 804 per
889 763 1010 803 plural.
1028 762 1138 793 benef.
1153 761 1310 793 detinuit.
1329 762 1383 802 (A.
1398 763 1448 800 22,
1466 761 1487 793 f.
1504 762 1565 793 490
1583 762 1613 799 ὓς
1639 762 1673 794 V.
1697 763 1746 798 79,
1763 771 1816 802 ep.
1836 762 1938 803 1243.)

527 819 563 846 Ut
589 828 613 847 s.
857 814 994 846 21750.
1012 833 1048 838 —
1065 814 1239 845 Beraerando
1254 814 1322 845 abb.
1340 820 1470 846 monast.
1487 815 1688 852 Salmurien„
1701 815 1740 848 O.
1759 816 1794 848 S.
1810 816 1860 853 Β.,
1875 815 2092 856 Andegaven.
2110 816 2170 854 di.,
2189 816 2289 849 facul.
2302 817 2412 850 confe-

519 864 550 891 T.
566 864 621 891 XX·
813 870 907 900 rendi
927 877 1016 908 pers.
1036 868 1102 908 ipsi
1114 868 1283 900 benevisae
1298 868 1352 900 off.
1371 869 1555 900 cellerariae
1574 868 1682 909 ejusd.
1703 869 1914 907 monasterii,
1933 878 2003 902 vac.
2030 878 2091 909 per
2109 878 2207 902 suam
2232 871 2414 911 promotio·

812 932 899 954 nem.
917 923 970 961 (Α.
987 923 1038 959 23,
1060 922 1080 953 f.
1102 923 1160 953 126
1177 927 1205 957 ¹²;
1228 921 1264 953 V.
1283 923 1333 960 79,
1354 930 1406 962 ep.
1428 922 1531 961 1545.)

385 983 485 1019 8(v111
500 982 551 1014 id.)
568 985 650 1009 mart.
666 981 752 1010 1325.
856 973 993 1005 21751.
1019 992 1056 997 —
1078 975 1225 1015 Philippo
1248 975 1399 1013 Rirevuts,
1425 975 1506 1007 cler.
1532 975 1735 1013 Florentin„
1758 975 1867 1016 gratia
1892 984 1988 1016 exsp.
2006 975 2118 1007 benef.
2143 985 2171 1008 c.
2196 985 2223 1008 c.
2246 977 2300 1009 vel
2321 985 2350 1009 s.
2369 986 2412 1016 c..

475 1028 506 1055 T·
527 1027 572 1059 X1=
593 1027 665 1054 xiil.
811 1029 945 1062 etiamsi
960 1029 1051 1068 dign.
1068 1029 1122 1059 vel
1135 1030 1338 1068 personatus
1354 1028 1490 1066 existat,
1501 1029 1535 1060 in
1552 1029 1645 1060 civit.
1665 1029 1719 1060 vel
1734 1029 1780 1060 di.
1800 1029 1974 1067 Fesulan„
1990 1029 2032 1060 ad
2046 1029 2160 1061 collat.
2177 1030 2246 1070 ep.i
2261 1032 2294 1062 et
2310 1030 2412 1071 capit.

810 1084 968 1115 Fesulan.
989 1099 1025 1103 —-
1045 1083 1071 1113 Ι.
1095 1091 1124 1113 e.
1148 1091 1192 1113 m.
1210 1091 1237 1113 s.
1256 1081 1417 1122 Stephani
1443 1082 1484 1113 ad
1503 1084 1642 1122 pontem
1660 1082 1847 1114 Florentin.
1869 1084 1903 1114 et
1920 1091 1948 1114 s.
1970 1082 2205 1124 Appollinaris
2220 1083 2409 1116 Florentin.

809 1136 990 1176 prioribus,
1009 1145 1047 1167 ac
1064 1135 1223 1175 Philippo
1240 1135 1360 1176 Sapiti‚
1378 1144 1450 1167 can.
1470 1135 1658 1167 Florentin.
1677 1136 1758 1167 eccl.
1777 1135 1830 1175 (Α.
1855 1136 1908 1173 22,
1925 1136 1949 1168 f.
1970 1137 2030 1168 503
2055 1135 2089 1174 ¹²3
2118 1135 2152 1168 V.
2167 1137 2218 1174 78,
2237 1145 2290 1177 ep.
2307 1137 2414 1177 1027.)

531 1194 568 1222 Ut
587 1202 611 1221 s.
853 1187 1047 1220 21752-
1065 1188 1200 1220 Beraldo
1217 1189 1253 1220 de
1269 1189 1383 1226 Serris,
1400 1197 1474 1229 nep.
1500 1189 1643 1221 Arnaldi
1669 1189 1703 1221 S.
1727 1189 1772 1221 M.
1794 1189 1830 1220 in
1850 1189 1989 1221 Portica
2016 1189 2103 1221 diac.
2128 1190 2219 1221 card.
2249 1190 2410 1231 supplic..

418 1240 463 1267 Gr.
482 1247 531 1274 pro
552 1246 617 1274 1¹01)-
638 1238 716 1266 eard.
809 1244 930 1275 indult.
948 1245 985 1274 ut
1002 1252 1110 1283 usque
1136 1243 1178 1274 ad
1202 1243 1389 1274 triennium
1407 1243 1538 1274 ratione
1562 1243 1735 1282 prioratus
1757 1242 1872 1274 saecul.
1903 1242 1984 1274 eccl.
2003 1251 2032 1274 s.
2058 1242 2215 1283 caprasii
2234 1243 2408 1284 Agonnen.

808 1297 861 1328 vel
878 1297 1024 1328 aliorum
1041 1296 1152 1328 benef.
1168 1304 1309 1327 suorum
1322 1296 1364 1327 ad
1378 1296 1512 1336 aliquos
1527 1304 1642 1327 sacros
1653 1296 1725 1328 ord.
1745 1296 1938 1336 promoveri
1953 1296 2095 1328 minime
2111 1297 2278 1328 teneatur.
2293 1296 2345 1337 (Α.
2360 1298 2412 1336 22,

809 1352 831 1382 f.
849 1352 908 1383 564
923 1350 955 1387 h;
981 1350 1014 1381 V.
1029 1352 1080 1387 79,
1097 1359 1148 1390 ep.
1167 1351 1270 1388 1235.)

527 1407 563 1435 Ut
583 1415 605 1434 s.
852 1401 991 1434 21753.
1010 1421 1047 1426 -
1063 1403 1175 1434 Eidem
1186 1403 1310 1434 indult.
1327 1403 1538 1443 percipiendi
1554 1402 1686 1434 fructus
1707 1402 1861 1434 omnium
1875 1402 1986 1434 benef.
2005 1411 2146 1434 suorum
2165 1393 2208 1434 ad
2223 1403 2412 1436 triennium

417 1453 461 1480 Gr.
484 1460 534 1487 pro
553 1459 617 1486 nep.
638 1451 715 1478 card.
808 1468 910 1490 causa
928 1457 1044 1488 studii.
1065 1475 1103 1479 —
1119 1457 1145 1488 1.
1163 1465 1192 1488 e.
1211 1466 1256 1488 m.
1273 1457 1281 1476 ¹
1299 1456 1424 1488 decano
1441 1456 1673 1492 Aurelianen„
1697 1457 1730 1487 et
1745 1464 1847 1496 praep.
1873 1456 2062 1493 Vivarien.,
2081 1464 2119 1488 ac
2138 1456 2245 1488 Vitali
2262 1456 2304 1488 de
2324 1457 2411 1498 Ape,

808 1521 880 1544 can.
897 1513 1071 1551 Agennen.
1091 1511 1172 1542 eccl.
1190 1510 1242 1549 (A.
1261 1511 1311 1546 22,
1333 1510 1355 1541 f.
1370 1510 1431 1541 488
1446 1515 1475 1546 ⁸;
1499 1509 1532 1541 V.
1550 1511 1600 1546 79,
1617 1518 1669 1549 ep.
1688 1510 1794 1547 1272.)
1896 1503 1900 1507 “

383 1569 401 1595 9
415 1568 471 1602 (vu
492 1567 543 1601 id.)
561 1569 642 1594 mart.
664 1565 748 1593 4325.
852 1562 991 1595 21754.
1008 1583 1046 1588 --
1064 1564 1148 1604 May.
1174 1563 1265 1594 Vitali
1279 1563 1315 1594 de
1329 1563 1450 1600 Brosto,
1468 1563 1548 1594 cler.
1563 1564 1725 1595 Vasaten.
1738 1562 1797 1600 di.,
1813 1562 1892 1594 cler.
1908 1563 1940 1593 et
1956 1562 2064 1594 famil.
2078 1562 2243 1595 Galhardi
2255 1571 2282 1595 s.
2298 1562 2413 1596 Luciae

738 1605 744 1612 ”
808 1619 842 1650 in
857 1618 959 1650 Silice
978 1619 1064 1649 diac.
1082 1618 1173 1648 card.
1189 1617 1349 1657 supplic,
1372 1617 1481 1657 gratia
1496 1625 1592 1656 exsp.
1617 1616 1728 1647 benef.
1756 1617 1797 1656 (c.
1819 1624 1847 1647 c.
1867 1616 1926 1647 100
1943 1615 1998 1647 vel
2011 1624 2039 1647 s.
2063 1625 2092 1647 c.
2109 1615 2187 1648 501.
2205 1615 2247 1654 t.)
2265 1616 2301 1647 in
2316 1616 2410 1649 civit.

807 1673 860 1703 vel
876 1672 921 1703 di.
937 1672 1173 1711 Burdegalen.‚
1191 1671 1232 1702 ad
1248 1669 1363 1702 collat.
1381 1670 1562 1709 archiep.i;
1585 1678 1652 1700 non
1668 1669 1756 1700 obst.
1777 1669 1887 1709 gratia
1905 1677 2001 1709 exsp.
2025 1668 2136 1700 benef.
2161 1678 2188 1700 c.
2207 1678 2237 1700 c.
2253 1669 2305 1702 vel
2323 1678 2352 1701 s.
2367 1678 2410 1708 c.,

807 1726 848 1757 ad
864 1726 1105 1766 cujuscumque
1124 1726 1349 1764 praeterquam
1374 1724 1442 1764 ep.i
1464 1724 1626 1755 Vasaten.
1651 1723 1764 1754 collat.
1783 1723 1918 1762 pertin„
1938 1722 1974 1753 in
1989 1722 2081 1754 civit.
2098 1722 2152 1754 vel
2166 1722 2212 1754 di.
2233 1723 2408 1762 vasaten..

807 1789 866 1819 per
883 1779 1091 1810 Clementem
1108 1779 1146 1809 P.
1169 1778 1206 1809 P.
1226 1778 1256 1809 V
1276 1777 1343 1817 ipsi
1361 1785 1534 1815 concessa,
1553 1785 1628 1816 quae
1643 1777 1754 1816 quoad
1777 1775 1890 1807 benef.
1906 1784 1934 1807 c.
1954 1785 1981 1807 c.
2006 1775 2171 1807 irritatur.
2196 1793 2236 1799 ——
2259 1776 2287 1808 Ι.
2310 1784 2342 1808 e.
2363 1785 2410 1808 m.

808 1833 933 1864 archid.
951 1833 1148 1871 Gamagen„
1167 1833 1199 1863 et
1215 1831 1344 1862 cantori
1360 1831 1535 1868 vasaten„
1553 1839 1591 1861 ac
1605 1829 1786 1861 Amalvino
1803 1829 1980 1867 Armandi,
1997 1837 2070 1860 can.
2087 1829 2311 1870 Burdegalen.
2327 1829 2409 1862 cccl.

807 1887 859 1927 (A.
874 1888 923 1923 22,
943 1886 966 1916 f.
982 1888 1041 1917 567
1063 1891 1092 1921 a;
1115 1885 1150 1916 V.
1171 1887 1222 1921 79,
1239 1893 1291 1924 ep.
1310 1884 1415 1924 1234.)

525 1941 560 1969 Ut
577 1950 599 1969 s.
851 1937 991 1970 21755.
1006 1957 1044 1961 -
1061 1938 1158 1969 Paulo
1173 1937 1283 1978 Anqeli
1302 1936 1417 1973 Fezole,
1441 1946 1535 1977 perp.
1554 1936 1752 1968 beneficiato
1769 1935 1919 1967 basilicae
1932 1935 2099 1976 principis
2115 1936 2349 1976 apostolorum
2368 1936 2409 1969 de

487 1986 516 2014 T·
532 1986 565 2020 X:
581 1986 640 2012 xli.
807 1993 908 2030 Urbe,
926 1993 1035 2033 gratia
1059 2001 1154 2031 exsp.
1175 1991 1334 2022 cantoriae
1358 1990 1494 2030 collegii
1519 1990 1718 2021 clericorum
1741 1989 1956 2020 saecularium
1981 1989 2022 2020 de
2046 1988 2149 2026 Urbe,
2174 1989 2266 2029 quod
2293 1989 2411 2022 schola

807 2048 982 2078 cantorum
995 2046 1178 2085 vulgariter
1196 2045 1409 2084 nuncupatur
1421 2046 1454 2075 et
1470 2045 1598 2075 certum
1612 2051 1792 2074 numerum
1805 2042 2006 2074 clericorum
2021 2045 2198 2074 cantorum
2210 2043 2410 2075 vocatorum

806 2099 916 2138 habet,
935 2099 1092 2139 quamvis
1108 2098 1365 2138 praebendarum
1386 2106 1446 2128 seu
1459 2097 1654 2137 portionum
1667 2096 1922 2127 distinctionem
1940 2095 2063 2127 habere
2076 2095 2218 2127 minime
2236 2096 2409 2136 dignosca-

805 2156 872 2185 tur.
891 2171 928 2176 -
946 2154 971 2184 1.
990 2161 1019 2183 e.
1039 2161 1081 2183 m.
1099 2161 1174 2191 ep.0
1190 2151 1391 2187 Viterbien„
1406 2150 1532 2181 vicario
1550 2150 1584 2180 in
1600 2149 1704 2187 Urbe,
1723 2152 1756 2180 et
1770 2149 1939 2181 Rainaldo
1955 2149 1995 2181 de
2013 2149 2096 2180 filiis
2111 2149 2204 2186 Ursi,
2221 2149 2348 2181 archid.
2367 2149 2409 2182 de

805 2207 984 2246 Campinia
999 2206 1173 2242 Leodien.,
1187 2204 1319 2236 notario
1334 2205 1496 2244 Papae,‘et
1510 2203 1598 2235 Urso
1614 2203 1655 2234 de
1669 2202 1776 2242 ejusd.
1792 2202 1873 2234 Ursi
1888 2202 1982 2239 filiis,
2001 2211 2103 2242 praep.
2122 2202 2158 2235 S.
2176 2203 2221 2234 M.
2241 2203 2283 2234 de
2295 2202 2405 2238 Valle,

804 2260 984 2291 Marsican.
1006 2259 1064 2295 di.,
1079 2258 1159 2289 eccl.
1178 2257 1232 2298 (A.
1246 2259 1297 2295 23,
1315 2257 1338 2287 f.
1357 2257 1414 2288 109
1432 2256 1462 2293 ¹³3
1487 2255 1521 2287 V.
1540 2258 1589 2294 79,
1609 2265 1662 2296 ep.
1683 2258 1786 2294 1391.)

525 2316 560 2344 Ut
576 2325 599 2344 s.
849 2310 986 2343 21756.
1006 2330 1043 2335 —
1057 2311 1135 2343 Abb.
1151 2315 1281 2342 monast.
1300 2310 1338 2342 B.
1355 2310 1396 2340 M.
1414 2309 1451 2340 de
1464 2309 1654 2346 Cancellaza,
1669 2309 1901 2349 Peerayoricen.
1923 2308 1980 2346 di.,
1998 2313 2027 2339 et
2043 2307 2251 2349 Enqolismen.
2266 2318 2301 2339 ac
2317 2308 2410 2340 Atre-

492 2361 525 2389 T.
547 2361 630 2389 XXII·
805 2367 904 2398 bacen.
930 2365 1000 2397 eccl.
1017 2365 1139 2396 decanis
1157 2365 1270 2396 mand.
1290 2365 1327 2395 ut
1344 2363 1593 2395 Archambaldo
1615 2363 1656 2394 de
1674 2363 1882 2402 Petragoris,
1896 2371 1969 2393 can.
1988 2362 2131 2402 praeben.
2150 2361 2232 2393 eccl'.
2246 2362 2407 2403 petrago-

805 2421 921 2457 ricen„
948 2419 1121 2450 conferant
1138 2427 1231 2458 perp.
1250 2417 1413 2448 vicariam
1435 2416 1569 2456 paroch.
1596 2416 1676 2447 eccl.
1701 2416 1742 2447 de
1759 2415 1956 2452 Duzilhaco,
1983 2415 2232 2455 Petragoricen.
2259 2415 2318 2450 di.,
2334 2423 2406 2447 vac.

803 2483 864 2514 per
877 2473 1008 2505 obitum
1023 2471 1216 2504 Fortanerii
1232 2471 1391 2502 Massola.
1408 2471 1462 2509 (A.
1478 2471 1528 2507 23,
1549 2470 1570 2501 f.
1590 2470 1650 2501 202
1665 2469 1694 2506 ¹>;
1717 2469 1754 2501 V.
1772 2471 1822 2506 79,
1841 2477 1894 2508 ep.
1912 2469 2016 2507 1490.)

523 2528 558 2556 Ut
578 2537 602 2556 s.
848 2524 987 2557 21757.
1013 2545 1051 2549 -
1075 2526 1192 2556 Joanm'
1208 2524 1338 2556 Martini
1362 2524 1398 2555 de
1423 2523 1527 2554 Toleto
1544 2523 1657 2555 collat.
1674 2531 1792 2554 canon.
1819 2521 1901 2554 eccl.
1919 2521 2073 2553 Toletan.
2097 2521 2160 2552 sub
2183 2530 2279 2561 exsp.
2300 2521 2405 2562 praeb.

460 2573 490 2600 Τ·
512 2573 571 2607 ΧΠ)
587 2573 656 2601 XW·
804 2590 878 2612 cum
896 2579 1154 2620 praestimoniis;
1172 2587 1239 2609 non
1259 2578 1344 2609 obst.
1363 2577 1453 2617 quod
1469 2577 1509 2608 de
1535 2585 1653 2608 canon.
1674 2577 1707 2607 et
1726 2575 1826 2616 praeb.
1848 2575 1930 2607 eccl.
1953 2574 2144 2607 Astoricen.
2162 2583 2200 2606 ac
2215 2574 2256 2606 de
2277 2574 2410 2615 praesti-

803 2634 928 2665 moniis
945 2643 970 2664 s.
989 2633 1103 2664 Dicini
1121 2634 1153 2663 et
1167 2632 1200 2663 S.
1216 2632 1260 2663 M.
1280 2631 1320 2662 de
1335 2631 1492 2662 Carreria
1509 2630 1544 2660 in
1562 2630 1635 2661 ead.
1650 2629 1729 2660 eccl.
1751 2629 1861 2669 litiget
1878 2629 1967 2667 apud
1979 2628 2013 2660 S.
2031 2629 2086 2664 A„
2106 2629 2140 2660 et
2157 2628 2314 2668 quartam
2329 2635 2406 2668 por-

802 2688 929 2719 tionem
952 2687 984 2717 in
1010 2685 1203 2718 vallisoleti
1225 2694 1262 2716 ac
1276 2684 1458 2724 quamdam
1480 2682 1783 2723 praestimonialem
1805 2682 1996 2722 portionem
2012 2681 2048 2712 in
2066 2681 2225 2713 Covenna
2237 2680 2406 2720 ecclesiis,

802 2740 969 2773 Palentin.
988 2741 1020 2771 et
1034 2739 1187 2771 Toletan.
1203 2738 1261 2775 di.,
1279 2737 1439 2769 obtineat.
1462 2755 1498 2760 —
1519 2737 1544 2767 I.
1561 2745 1591 2767 e.
1609 2745 1654 2767 m.
1670 2735 1819 2767 thesaur.
1843 2734 2081 2771 salamantin„
2104 2735 2138 2766 et
2153 2735 2240 2765 cant.
2258 2733 2406 2766 Valliso-

802 2794 917 2831 letan,
934 2793 1102 2824 Palentin.
1118 2793 1177 2829 di.,
1197 2801 1234 2823 ac
1252 2799 1340 2831 mag.
1358 2789 1565 2821 Michaelide
1581 2789 1675 2825 Uriz,
1692 2797 1765 2820 can.
1781 2788 2011 2829 calaguritan.
2031 2787 2112 2819 eccl.
2130 2787 2182 2828 (A.
2199 2788 2251 2826 23,
2263 2787 2287 2819 f.
2303 2788 2362 2820 160
2374 2787 2403 2825 ¹’;

808 2847 843 2878 V.
864 2849 915 2885 79,
933 2855 985 2886 ep.
1005 2847 1108 2885 1615.)

833 2982 855 3004 1.
875 2979 943 3004 Haec
961 2978 1125 3004 executoris
1138 2978 1225 3003 etiam
1240 2976 1382 3002 inseritur
1396 2975 1466 3007 neg.
1485 2975 1515 3000 A.
1532 2975 1574 3003 23,
1588 2975 1607 3000 l'.
1621 2959 1735 3002 66·;¹in
1751 2974 1881 3006 margine
1897 2980 1965 3000 vero
1982 2973 2022 2999 ibi
2039 2973 2146 3005 legitur
2163 2977 2171 2998 2
2186 2981 2197 2996 ‹
2214 2972 2326 2998 Attendae
2339 2972 2405 3005 quia

801 3025 901 3056 scripta
916 3026 952 3049 est
966 3023 1031 3049 alibi
1042 3031 1101 3048 cum
1113 3023 1233 3056 gratiosa
1250 3031 1271 3047 ».
