2592 3562
353 353 412 383 100

380 445 483 471 Datum
509 436 692 470 Avenione.

389 548 402 573 4
421 545 503 581 (kal.)
519 552 581 580 apr.
599 543 686 572 1324.

487 589 517 616 T.
536 589 590 616 Lx.

495 812 532 840 Ut
552 820 575 839 s.

459 857 489 884 T.
510 856 604 884 XXIV.

492 973 527 1000 Ut
548 981 571 1000 S.

466 1018 497 1044 T.
512 1017 606 1044 XXIV.

495 1133 530 1161 Ut
549 1141 572 1160 s.

436 1179 466 1205 T.
487 1178 545 1212 xu,
561 1178 630 1204 XIV.

495 1347 530 1375 Ut
552 1338 577 1375 s.

463 1394 494 1421 T.
512 1393 605 1421 XXVI.

495 1563 531 1591 Ut
546 1572 569 1591 s.

460 1609 490 1636 T.
511 1609 605 1636 XXIV.

491 1832 527 1859 Ut
548 1840 571 1859 s.

459 1877 490 1904 T.
511 1878 605 1905 XXIV.

492 1940 527 1968 L't
545 1949 568 1967 s.

456 1985 486 2012 T.
501 1985 603 2012 LXXX.

488 2263 524 2290 Ut
550 2271 573 2290 s.

477 2308 507 2336 T.
522 2308 593 2335 XVI.

488 2424 524 2451 Ut
554 2431 577 2450 s.

471 2468 502 2495 T.
525 2468 594 2494 XVI.

493 2530 530 2558 Ut
550 2539 572 2557 s.

478 2575 508 2602 T.
530 2575 589 2602 XII.

494 2638 531 2665 Ut
551 2646 574 2664 s.

470 2683 503 2711 T.
518 2682 577 2709 XII.

492 2745 530 2773 Ut
547 2753 571 2772 s.

468 2790 499 2817 T.
521 2789 601 2817 XXX.

491 2960 528 2987 Ut
548 2968 571 2986 s.

478 3005 509 3033 T.
527 3004 581 3031 XL.

749 347 923 379 JOANNIS
946 348 1065 380 PAPAE
1087 349 1189 380 XXII.
1214 350 1462 390 (iaie-1834).
1485 368 1524 374 —
1547 350 1734 381 LITTERAE
1757 349 1982 382 COMMUNES

825 540 959 573 19231.
979 562 1015 567 -
1031 543 1200 585 Archiep.o
1219 543 1411 575 Salernitan.
1424 545 1537 576 mand.
1554 546 1603 580 ut,
1619 544 1788 586 adjunctis
1802 543 1869 576 sibi
1885 552 1952 576 uno
1964 543 2000 575 in
2016 543 2186 585 theologia
2200 545 2233 576 et
2247 544 2382 576 duobus

779 596 813 628 in
830 597 974 629 decretis
990 597 1178 637 magistris,
1194 597 1444 629 confessionem
1459 598 1598 630 audiant
1617 607 1650 630 n.
1672 607 1703 629 v.
1725 598 1861 630 Thomae
1877 598 1918 629 de
1930 597 2101 634 Marsano,
2119 597 2255 630 comitis
2270 597 2382 638 Squil-

779 651 869 688 lacii‚
893 659 1038 691 eumque
1061 650 1250 688 absolvant,
1276 653 1378 691 prout
1395 651 1595 692 expedierit,
1619 652 1660 683 de
1682 651 1839 692 dampnis
1863 651 2019 683 ecclesiis
2039 650 2148 682 illatis
2170 652 2204 682 et
2225 651 2266 683 de
2292 651 2382 684 male

779 704 902 736 ablatis
925 707 1077 744 tempore
1101 713 1167 744 quo
1190 704 1264 744 ipse
1289 713 1419 745 guerrae
1441 705 1638 745 capitaneus
1662 699 1865 745 principalis
1889 704 2103 744 aliorumque
2129 704 2381 744 capitaneorum

778 758 951 790 consultor
967 760 999 789 et
1013 758 1194 789 conductor
1210 757 1382 789 extiterat.
1399 757 1452 799 (A.
1467 759 1518 795 20,
1537 757 1560 790 f.
1576 760 1636 790 373
1651 763 1680 796 ⁸;
1703 758 1740 790 V.
1757 760 1807 796 76,
1826 767 1879 798 ep.
1898 756 1984 797 792.)

825 809 958 841 19232.
977 829 1017 834 -
1032 811 1154 842 Sanciae
1168 811 1281 851 reqinae
1295 810 1412 842 Sicilia*
1423 811 1587 852 indulget.
1607 813 1645 844 ut
1661 812 1761 843 liceat
1776 811 1842 843 sibi
1858 811 1943 842 duas
1958 810 2126 843 moniales
2140 810 2278 843 Cisterc.
2294 811 2383 847 ord.,

779 865 961 897 dummodo
975 865 1115 896 inclusae
1131 873 1198 896 non
1214 865 1294 900 sint,
1314 873 1430 896 secum
1446 873 1633 903 assumere,
1650 874 1724 906 quae
1744 865 1856 906 ipsam
1871 864 1907 896 in
1920 864 2063 905 legendo
2081 864 2236 897 divinum
2255 865 2310 896 off.
2327 865 2382 896 ad-

774 920 904 960 juvent.
920 919 973 958 (A.
991 920 1041 956 20,
1061 918 1084 949 f.
1101 920 1162 950 439
1181 923 1209 956 ²5
1230 918 1266 950 V.
1286 920 1335 956 76,
1356 926 1409 958 ep.
1426 920 1512 958 797.)

825 969 959 1002 19233.
976 990 1014 994 -
1027 971 1104 1002 Eid.
1124 971 1320 1012 indulgetur
1335 971 1377 1003 ad
1392 971 1663 1012 quinquennium
1677 972 1713 1003 ut
1725 970 1900 1004 confessor
1914 979 1998 1002 suus
2011 970 2163 1003 omnium
2180 970 2289 1002 famil.
2306 979 2382 1003 suo-

778 1035 854 1057 rum
871 1026 1102 1057 confessiones
1119 1025 1237 1056 audire
1250 1025 1374 1060 valeat,
1389 1026 1422 1056 et
1438 1025 1472 1056 in
1491 1025 1622 1065 capella
1640 1033 1702 1056 sua
1715 1025 1768 1056 vel
1785 1024 1926 1057 Roberti
1942 1025 2033 1065 regis
2053 1025 2263 1056 sacramenta
2279 1024 2382 1056 eccle-

778 1080 874 1111 siast.
892 1079 1087 1111 ministrare
1103 1078 1225 1110 valeat.
1243 1078 1296 1119 (A.
1314 1079 1368 1116 20,
1384 1077 1408 1109 f.
1423 1079 1484 1110 439
1499 1083 1528 1116 ⁸3
1557 1077 1590 1109 V.
1605 1080 1655 1116 76,
1674 1087 1728 1118 ep.
1744 1079 1829 1118 798.)

824 1130 959 1162 19231.
973 1150 1011 1155 -
1028 1132 1160 1162 Henrico
1175 1131 1268 1172 Boyae
1281 1131 1445 1172 indulget.
1457 1133 1505 1169 ut,
1519 1132 1554 1163 in
1565 1131 1720 1164 Romana
1732 1131 1827 1163 curia
1842 1131 1895 1163 vel
1911 1130 1994 1162 alibi
2009 1131 2234 1167 immorando,
2249 1131 2382 1163 fructus

778 1196 895 1219 canon.
914 1189 946 1218 et
961 1186 1064 1226 praeb.
1083 1195 1169 1226 quos
1186 1185 1220 1216 in
1236 1185 1316 1217 eccl.
1331 1185 1563 1223 Davantrien„
1582 1185 1770 1225 Trajecten.
1785 1185 1845 1223 di„
1859 1184 2000 1223 obtinet,
2017 1193 2127 1225 usque
2145 1185 2187 1216 ad
2203 1184 2381 1216 biennium

778 1242 905 1281 integre
923 1239 1100 1280 percipiat.
1120 1256 1159 1277 5—-
1175 1239 1201 1270 I.
1219 1248 1247 1270 e.
1270 1247 1316 1270 m.
1337 1239 1461 1270 ,Ioanni
1480 1239 1586 1270 electo
1608 1238 1810 1278 Trajecten„
1825 1239 1858 1270 et
1874 1246 1978 1278 praep.
1995 1237 2185 1276 Coloniam,
2202 1246 2239 1269 ac
2255 1237 2381 1270 decano

777 1294 951 1327 Caminen.
974 1293 1054 1325 eccl.
1075 1293 1127 1332 (A.
1146 1294 1197 1330 20,
1215 1292 1237 1323 f.
1255 1294 1314 1324 374
1327 1291 1358 1329 Β,
1378 1291 1412 1323 V.
1428 1294 1479 1329 76,
1499 1301 1551 1332 ep.
1568 1291 1653 1331 799.)

824 1344 959 1382 19235.
984 1365 1022 1369 -
1044 1347 1167 1377 Sanciae
1185 1346 1298 1386 reqinae
1314 1345 1432 1376 Siciliae
1446 1345 1610 1386 indulget.
1636 1346 1673 1376 ut
1695 1345 1870 1376 confessor
1888 1353 1972 1375 suus
1988 1344 2093 1376 semel
2115 1345 2260 1382 tantum,
2278 1345 2381 1376 etiam

777 1402 853 1441 ipsa
868 1401 968 1441 plena
984 1400 1137 1440 corporis
1154 1399 1318 1439 sospitate
1334 1399 1479 1436 fruente,
1498 1400 1531 1430 et
1546 1399 1671 1430 iterum
1687 1398 1793 1430 semel
1810 1398 1999 1435 dumtaxat,
2015 1397 2092 1438 ipsa
2109 1398 2144 1429 in
2159 1398 2281 1430 mortis
2295 1398 2385 1439 peri-

777 1455 852 1486 culo
870 1454 1063 1491 constituta,
1083 1453 1236 1484 omnium
1250 1454 1465 1492 peccatorum
1482 1460 1622 1483 suorum
1638 1451 1774 1491 plenam
1794 1450 2034 1482 remissionem
2055 1451 2237 1483 concedere
2258 1451 2382 1483 valeat.

776 1509 830 1549 (A.
851 1509 901 1545 20,
920 1508 943 1538 f.
961 1509 1020 1538 410
1039 1512 1066 1543 «η
1087 1507 1123 1538 V.
1141 1508 1191 1543 76,
1208 1515 1260 1545 ep.
1277 1507 1362 1544 800.)

823 1559 957 1590 19236.
977 1578 1016 1583 -
1036 1560 1158 1590 Sanciae
1175 1559 1287 1600 reqinae
1303 1559 1423 1590 Siciliae
1440 1558 1603 1598 indulget.
1623 1559 1661 1590 ut
1676 1560 1820 1590 monast.
1845 1566 1873 1589 s.
1900 1558 2062 1598 Corporis
2083 1557 2210 1589 Christi
2233 1557 2270 1589 in
2288 1557 2380 1590 civit.

776 1615 991 1655 NeapolItan.
1013 1613 1054 1645 ab
1078 1614 1154 1653 ipsa
1178 1612 1371 1650 fundatum,
1389 1613 1461 1644 ord.
1482 1621 1510 1643 s.
1529 1612 1649 1647 Clarae,
1672 1620 1807 1643 sorores
1825 1610 1911 1642 inibi
1931 1611 2132 1647 existentes,
2151 1612 2184 1643 et
2202 1619 2322 1643 omnes
2340 1611 2384 1643 ad

775 1670 889 1709 ipsum
902 1669 1046 1700 monast.
1062 1676 1139 1698 cum
1151 1666 1368 1698 veneratione
1382 1666 1496 1698 debita
1507 1666 1726 1703 confluentes,
1741 1664 1901 1696 omnibus
1911 1665 2135 1706 indulgentiis
2149 1665 2222 1696 ord.
2239 1664 2383 1697 fratrum

776 1723 948 1754 minorum
964 1723 996 1753 et
1012 1730 1168 1752 sororum
1187 1729 1214 1751 S.
1232 1720 1339 1752 Clarae
1355 1720 1527 1752 concessis
1546 1719 1722 1759 potiantur
1737 1720 1770 1750 et
1787 1719 1966 1759 gaudeant.
1981 1718 2035 1758 (A.
2052 1719 2103 1757 20,
2120 1718 2143 1750 f.
2157 1720 2215 1750 377
2229 1723 2258 1756 ⁸3
2281 1718 2314 1750 V.
2331 1720 2382 1756 76,

776 1786 827 1816 ep.
845 1777 904 1808 814
911 1785 919 1814 ;
936 1775 1056 1812 Eubel,
1075 1774 1247 1805 Bullarium
1264 1773 1503 1804 Franciscanum
1520 1774 1544 1804 t.
1562 1774 1604 1810 V,
1620 1782 1652 1813 p.
1672 1774 1743 1811 262,
1765 1781 1797 1804 n.
1813 1771 1901 1812 527.)

822 1827 958 1860 19237.
977 1848 1015 1853 -
1030 1828 1162 1860 Roberto
1177 1828 1243 1869 reqi
1254 1828 1370 1859 Siciliae
1386 1827 1550 1868 indulget.
1565 1828 1602 1858 ut
1615 1827 1790 1858 confessor
1802 1834 1886 1857 suus
1902 1826 1970 1866 ipsi
1983 1825 2090 1857 semel
2105 1827 2239 1858 tantum
2249 1826 2284 1858 in
2292 1834 2380 1858 mor-

775 1885 820 1916 tis
837 1883 988 1924 periculo
1004 1883 1139 1923 plenam
1158 1881 1408 1913 absolutionem
1426 1880 1609 1912 concedere
1624 1880 1746 1911 valeat.
1761 1879 1813 1920 (A.
1829 1881 1881 1917 20,
1897 1879 1920 1911 f.
1937 1881 1996 1911 377
2009 1879 2023 1901 ¹¹
2032 1889 2043 1917 3
2065 1879 2102 1911 V.
2119 1881 2170 1916 76,
2186 1888 2239 1919 ep.
2254 1879 2342 1920 816.)

822 1935 955 1966 19238.
974 1954 1011 1960 -—
1028 1935 1259 1971 montisalban„
1285 1935 1419 1967 Vauren.
1434 1939 1461 1965 et
1477 1934 1635 1965 Sarlalen.
1655 1933 1733 1974 ep.is
1749 1933 1863 1964 mand.
1881 1934 1918 1964 ut
1935 1932 2140 1973 compellant
2156 1941 2274 1965 omnes
2287 1941 2381 1966 mon-

776 1992 968 2023 obtinentes
985 1990 1096 2022 benef.
1114 1990 1155 2021 ad
1171 1990 1315 2021 mon'ast.
1333 1989 1544 2026 Moisiacen.,
1558 1988 1711 2019 Cluniae.
1729 1987 1814 2025 ord.,
1834 1987 2012 2019 Caturcen.
2030 1986 2090 2024 di„
2106 1986 2326 2026 pertinentia,
2343 1987 2381 2018 ut

776 2045 968 2076 subsidium
994 2044 1127 2076 solvant
1153 2043 1313 2083 Augerio,
1339 2042 1451 2083 ipsius
1476 2042 1622 2073 monast.
1648 2040 1739 2078 abb.‚
1770 2041 1806 2071 in
1830 2040 2070 2071 exoneratione
2095 2047 2326 2080 expensarum
2349 2041 2383 2072 et

776 2108 918 2131 summae
937 2098 1058 2130 Carolo
1075 2098 1113 2129 F.
1131 2099 1164 2128 et
1178 2097 1219 2128 N.
1238 2097 1280 2128 R.
1298 2095 1490 2128 debitarum
1506 2104 1568 2136 pro
1591 2094 1767 2126 nonnullis
1779 2093 1879 2126 honis
1892 2093 1975 2125 dicti
1989 2095 2136 2125 monast.
2158 2102 2233 2134 quae
2248 2101 2309 2134 per
2325 2101 2381 2125 cu-

775 2154 861 2185 riam
877 2153 918 2184 cl.
936 2161 1001 2183 me.
1019 2151 1171 2190 Philippi
1186 2151 1226 2182 R.
1240 2151 1279 2182 F.
1292 2151 1324 2181 et
1335 2150 1376 2181 N.
1394 2149 1607 2186 tenebantur,
1621 2156 1762 2188 quaeque
1778 2148 1889 2179 dictus
1901 2146 2007 2178 abbas
2024 2147 2248 2187 recuperavit.
2265 2146 2319 2186 (A.
2330 2147 2380 2183 20,

776 2207 798 2239 f.
816 2208 873 2237 411
891 2211 920 2243 ε,
946 2205 978 2236 V.
998 2207 1047 2240 76,
1066 2214 1118 2244 ep.
1136 2205 1221 2243 819.)

821 2257 955 2289 19239.
976 2277 1015 2282 -
1038 2258 1212 2288 Raimundo
1227 2263 1298 2288 nato
1316 2267 1347 2288 n.
1364 2267 1392 2288 v.
1415 2255 1528 2287 Unaldc'
1550 2255 1586 2286 de
1602 2255 1726 2286 Lancar
1743 2253 1908 2291 domicelli3
1927 2258 1955 2284 et
1971 2253 2098 2285 Helenae
2111 2258 2192 2284 παίω
2206 2263 2237 2284 n.
2251 2263 2283 2284 υ.
2305 2253 2384 2285 Ber-

776 2314 868 2345 nardi
884 2313 920 2344 de
936 2312 1112 2353 Duroforti,
1130 2311 1198 2342 dmi
1213 2311 1249 2342 de
1267 2310 1392 2351 Dyeme,
1410 2310 1571 2342 Tolosan.
1593 2309 1653 2346 di..
1670 2309 1821 2348 dispens.
1848 2317 1951 2348 super
1975 2312 2023 2339 1v⁰
2039 2307 2259 2348 consanguin.
2274 2306 2382 2347 gradu

776 2369 811 2399 in
826 2367 976 2399 matrim.
992 2367 1163 2397 contracto
1180 2365 1233 2404 (A.
1249 2366 1298 2402 20,
1318 2364 1342 2395 f.
1358 2365 1417 2396 376
1433 2363 1466 2401 ¹³3
1491 2362 1524 2394 V.
1543 2365 1593 2400 76,
1610 2371 1663 2402 ep.
1680 2363 1764 2402 823.)

822 2418 958 2451 19240.
975 2437 1014 2443 —·
1030 2419 1144 2451 Joarmi
1161 2418 1320 2459 archiep.o
1341 2417 1508 2458 Corpltien.
1526 2425 1618 2448 conc.
1637 2415 1738 2447 facul.
1756 2415 1917 2447 testandi.
1942 2415 1994 2454 (A.
2015 2415 2066 2450 20,
2088 2414 2112 2445 f.
2138 2415 2200 2446 ⁴¹3
2223 2419 2252 2452 ⁸;
2276 2413 2310 2446 V.
2330 2415 2380 2451 76,

776 2474 956 2558 ΘΡ1332541.
975 2546 1014 2550 -
1029 2526 1158 2567 Huqoni
1181 2535 1252 2567 ep.o
1277 2525 1460 2556 Aurasicen.
1477 2523 1728 2556 testimoniales
1747 2523 1932 2554 consecrat.
1954 2523 1987 2553 et
2009 2520 2148 2553 licentia
2164 2520 2342 2552 recedendi
2361 2529 2382 2552 e

775 2582 880 2613 curia.
899 2582 950 2620 (A.
969 2582 1020 2617 20,
1041 2580 1065 2612 f.
1084 2581 1145 2612 445
1159 2585 1190 2618 ⁸3
1214 2580 1250 2611 V.
1269 2581 1318 2616 76,
1339 2587 1392 2618 ep.
1408 2578 1496 2617 843.)

822 2632 956 2663 19242.
974 2651 1012 2656 -
1027 2633 1158 2664 Falconi
1179 2633 1272 2664 electo
1298 2631 1497 2672 Andeqaven.
1517 2624 1618 2662 facul.
1641 2629 1828 2670 recipiendi
1848 2628 2108 2669 presbyteratus
2126 2627 2198 2659 ord.
2214 2628 2245 2659 et
2263 2634 2380 2659 conse·

776 2690 857 2720 crat.
876 2696 1000 2719 munus
1016 2696 1036 2718 a
1050 2695 1263 2727 quocumque
1280 2686 1439 2717 maluerit
1455 2684 1619 2716 antistite.
1637 2684 1691 2723 (A.
1702 2685 1753 2721 20,
1769 2683 1793 2714 f.
1808 2683 1865 2714 381
1882 2687 1896 2703 ⁸
1906 2691 1916 2719 5
1938 2681 1974 2713 V.
1992 2683 2042 2719 76,
2061 2689 2113 2720 ep.
2129 2679 2215 2720 848.)

821 2738 957 2771 19243.
974 2758 1014 2763 -
1033 2740 1148 2771 Garine
1165 2740 1270 2780 Lonqo
1287 2747 1378 2770 mon.
1396 2739 1541 2770 monast.
1557 2746 1585 2769 s.
1603 2736 1759 2769 Mauritii
1774 2736 1886 2772 Dian„
1901 2735 1940 2767 O.
1958 2734 1993 2766 S.
2009 2735 2061 2770 B.,
2079 2733 2180 2773 Papae
2195 2742 2281 2774 cap„
2301 2742 2378 2765 con·

775 2795 930 2826 firmatur
947 2794 1060 2825 collat.
1075 2794 1247 2833 prioratus
1266 2793 1306 2824 de
1322 2792 1466 2829 M1sone,
1483 2791 1563 2822 dicti
1581 2790 1667 2828 ord.,
1685 2789 1871 2830 Vapincen.
1887 2788 1947 2824 di..
1965 2795 2066 2828 quem
2080 2787 2168 2818 auct.
2185 2787 2252 2818 litt.
2268 2789 2380 2827 apost.

776 2849 954 2880 assecutus
969 2847 1046 2884 fuit,
1069 2855 1136 2878 non
1153 2846 1240 2878 obst.
1263 2846 1353 2886 quod
1371 2853 1531 2884 expresse
1548 2843 1725 2884 professus
1739 2851 1807 2874 non
1825 2842 1947 2873 fuisset
1961 2841 2115 2873 ordinem
2130 2840 2376 2873 monachalem.

777 2902 829 2942 (A.
852 2903 902 2939 20,
922 2901 946 2932 f.
962 2902 1023 2932 118
1038 2900 1071 2939 1³;
1092 2899 1127 2931 V.
1144 2902 1194 2938 76,
1213 2908 1266 2939 ep.
1284 2898 1371 2938 870.)

821 2951 957 2985 19244.
973 2972 1012 2978 —
1027 2954 1183 2991 Anicien.,
1202 2953 1383 2983 Aurasicen.
1402 2956 1429 2982 et
1452 2951 1480 2982 T
1477 2950 1632 2982 ricaslrin.
1645 2949 1708 2991 φλ
1720 2950 1842 2981 dantur
1856 2950 1894 2980 ut
1910 2949 2044 2989 judices
2062 2949 2320 2981 conservatores
2336 2947 2381 2979 ad

776 3008 1047 3050 quinquennium
1064 3007 1234 3047 archiep.o
1249 3006 1415 3038 Viennen.
1432 3006 1485 3045 (A.
1502 3006 1552 3042 20,
1573 3005 1595 3035 f.
1614 3006 1654 3036 99
1669 3009 1698 3041 ⁸,-
1718 3002 1752 3035 V.
1766 3005 1816 3041 76,
1833 3012 1886 3043 ep.
1899 3003 1960 3034 884
1976 3003 2032 3041 Α.)
