2592 3562
223 434 328 461 Datum
346 427 530 462 Avenione.

259 641 301 668 26
314 640 380 675 jan.
401 639 489 668 ¹324.

269 685 324 721 (vu
338 685 397 713 kal.
414 685 483 720 feb.)

283 731 314 760 T.
331 731 378 765 XI,
395 731 467 758 XIII.

258 801 300 829 27
313 802 379 836 jan.
398 801 487 830 1324.

272 845 314 882 (vr
329 846 388 874 kal.
405 846 475 879 feb.)

282 890 315 919 T.
332 891 379 925 XI,
394 891 465 918 XIII.

337 1016 372 1043 Ut
391 1024 415 1043 s.

307 1060 336 1087 T.
358 1060 437 1087 XXX.

336 1282 371 1309 Ut
392 1290 414 1309 s.

224 1326 255 1352 T.
277 1326 313 1353 XI
329 1326 373 1360 ¹l2‚
393 1326 455 1354 XIII
473 1327 514 1359 ¹l8·

331 1548 368 1576 Ut
383 1558 407 1577 s.

279 1593 309 1620 T.
326 1593 373 1628 XI,
388 1594 460 1622 XIII.

331 1762 367 1790 Ut
387 1771 412 1790 s.

302 1807 334 1835 T.
356 1807 438 1835 XXX.

329 1975 366 2003 Ut
381 1983 405 2002 s.

215 2020 262 2048 Gr.
278 2028 330 2055 pro
346 2020 440 2049 famil.
456 2021 519 2049 d.ni

243 2065 486 2094 vicecancellarii,

251 2135 292 2164 28
306 2135 372 2170 Jan.
393 2135 481 2163 1324.

270 2183 301 2216 (v
316 2179 375 2207 kal.
392 2180 464 2216 feb.)

312 2224 343 2252 T.
361 2224 416 2252 LX.

327 2564 364 2592 Ut
381 2573 406 2592 0.

269 2609 301 2636 T.
321 2609 367 2643 XI,
387 2609 460 2636 XIII.

329 2831 366 2859 Ut
385 2840 409 2859 s.

265 2874 295 2902 T.
317 2875 377 2910 XII,
396 2875 466 2904 XIV.

582 342 756 374 JOANNIS
779 342 898 373 PAPAE
919 341 1021 372 XXII.
1046 342 1295 381 (1316-1334).
1319 360 1358 365 —
1380 342 1567 373 LITTERAE
1590 342 1814 374 COMMUNES
2179 346 2214 375 71

617 532 760 564 Andreae
776 530 951 563 Porcherii
967 539 1005 562 ac
1016 530 1159 562 Nicolao
1177 530 1357 568 Blondelli,
1377 531 1594 571 Andegaven.
1611 541 1684 563 can.
1703 532 1783 564 0001.
1802 533 1857 573 (A.
1875 533 1925 569 21,
1943 533 1966 564 f.
1981 534 2039 565 388
2053 539 2084 572 ⁸;
2108 533 2141 564 V.
2166 536 2216 571 77,

617 594 669 626 ep.
686 586 763 617 1927
778 585 834 625 B.)

663 636 846 668 18927.-
858 637 980 669 Simoni
996 636 1125 667 Oliverii
1140 645 1235 676 prov.
1252 645 1370 668 canon.
1386 637 1467 668 eccl.
1484 637 1719 669 Constantien.
1733 638 1796 669 sub
1813 647 1909 678 exsp.
1922 639 2025 679 praeb.
2037 658 2076 663 -
2090 640 2116 671 Ι.
2129 649 2158 672 0.
2171 650 2216 672 m.

616 692 744 723 cantori
768 691 1014 728 constantien„
1033 691 1066 721 et
1082 689 1207 721 Joanni
1222 689 1386 726 Rosselli,
1406 698 1434 720 s.
1455 690 1593 721 Martini
1613 691 1797 729 Turonen.‚
1817 699 1854 722 ac
1873 691 2016 724 Andreae
2031 693 2217 732 Porcherii,

616 745 831 784 Andegaven.
848 744 929 776 eccl.
946 752 1018 775 can.
1038 743 1091 784 (A.
1109 744 1160 780 21,
1178 742 1201 773 f.
1221 743 1280 774 389
1297 748 1327 780 a;
1348 742 1384 773 V.
1405 745 1453 779 77,
1472 751 1525 782 ep.
1543 744 1647 781 1928.)

662 795 798 828 18928.
822 814 860 819 -
885 795 1012 828 Valasco
1031 796 1174 832 Martini,
1190 804 1263 827 can.
1281 795 1428 835 praehen.
1446 795 1664 832 Ulixbonen„
1681 798 1714 828 et
1729 797 1850 828 rectori
1870 798 2005 837 paroch.
2023 807 2049 829 s.
2065 799 2157 830 Petri
2178 800 2218 831 de

615 851 784 883 Turribus
806 849 981 882 veteribus
1000 850 1094 886 0001.,
1119 849 1256 880 collatio
1273 857 1389 880 canon.
1418 850 1450 880 et
1468 848 1570 888 praeb.
1596 849 1744 889 Ispalen.
1770 858 1847 880 cum
1870 851 2124 890 praestimoniis,
2145 861 2219 892 quae

614 905 763 936 Joannes
781 904 910 936 electus
925 903 1075 943 Ispalen.
1090 903 1180 942 apud
1194 902 1229 934 S.
1242 903 1285 934 A.
1306 902 1505 942 resignavit.
1518 902 1598 934 -1.
1615 911 1645 934 e.
1663 911 1708 934 m.
1727 902 1933 935 Ulixbonen.
1952 905 1984 935 et
1999 904 2218 945 Portugalen.

615 957 765 994 decanis,
781 966 820 988 ac
834 956 985 989 Oliverio
1002 957 1043 987 de
1059 956 1210 994 Serzeto,
1223 964 1296 987 can.
1312 956 1456 986 AEduen.
1477 956 1557 987 0001.
1573 956 1626 996 (Α.
1640 957 1689 992 20,
1707 955 1731 986 f.
1748 957 1804 986 271
1826 961 1857 992 ⁸5
1878 956 1915 987 V.
1932 958 1981 994 76,
2002 966 2053 997 ep.
2072 959 2157 997 441.)

661 1008 795 1040 18929.
816 1029 854 1033 -
875 1009 1003 1041 Valasco
1021 1009 1164 1047 Martini,
1192 1009 1278 1040 alias
1291 1009 1362 1049 ,iam
1380 1008 1577 1048 dispensato
1594 1018 1697 1049 super
1718 1009 1851 1041 defectu
1865 1010 2032 1041 natalium
2047 1019 2146 1050 quem
2162 1020 2219 1051 pa—

614 1065 709 1101 titur,
728 1073 806 1095 cum
823 1064 869 1095 sit
886 1063 926 1095 de
945 1062 1057 1103 presb.
1079 1062 1214 1103 genitus
1230 1063 1263 1094 et
1281 1062 1403 1099 soluta,
1421 1071 1513 1093 conc.
1531 1063 1568 1094 ut
1581 1071 1700 1093 canon.
1715 1063 1748 1094 et
1763 1062 1865 1102 praeb.
1883 1071 1961 1094 cum
1977 1064 2219 1102 praestimoniis

614 1118 694 1150 eccl.
711 1117 873 1158 Ispalen„
890 1126 964 1157 quae
980 1117 1129 1148 Joannes
1145 1116 1274 1147 electus
1288 1115 1435 1155 Ispalen.
1453 1116 1542 1156 apud
1556 1116 1590 1147 S.
1605 1116 1647 1147 A.
1662 1116 1862 1156 resignavit,
1879 1117 2062 1156 postquam
2076 1117 2116 1148 de
2132 1117 2218 1157 ipsis

613 1172 774 1212 provisus
795 1170 908 1207 fuerit,
927 1179 1074 1201 unacum
1090 1178 1208 1201 canon.
1227 1173 1259 1201 et
1285 1169 1389 1210 praeb.
1408 1169 1489 1200 0001.
1518 1169 1725 1201 Ulixbonen.
1748 1169 1904 1201 retineat.
1923 1169 1977 1208 (A.
2003 1170 2053 1208 20,
2071 1170 2093 1201 f.
2111 1172 2170 1202 277
2184 1177 2216 1209 a;

618 1225 654 1256 V.
672 1227 723 1262 76,
738 1233 790 1264 ep.
808 1225 893 1263 456.)

659 1275 796 1309 18930.
815 1296 854 1302 -
869 1277 984 1309 Joanni
998 1277 1036 1307 de
1052 1276 1209 1317 Sirosonte
1227 1276 1315 1308 conf.
1334 1276 1471 1317 paroch.
1487 1276 1568 1308 eccl.
1590 1276 1631 1307 de
1657 1275 1925 1312 Donnomarino,
1943 1276 2132 1317 Lingonen.
2159 1277 2217 1315 di,

613 1332 664 1372 (50
682 1332 705 1363 1.
723 1333 775 1370 t.),
796 1340 898 1372 quam
914 1331 1107 1371 Stephanus
1127 1330 1167 1362 de
1183 1330 1397 1370 Ayscinvilla
1413 1330 1503 1370 apud
1519 1329 1553 1361 S.
1570 1330 1613 1361 A.
1628 1330 1815 1370 resignavit
1826 1339 1836 1367 ;
1866 1330 1995 1362 consid.
2023 1330 2162 1362 Joannae
2179 1331 2217 1362 F.

613 1388 646 1418 et
661 1386 704 1417 N.
723 1386 765 1417 R.
783 1402 822 1407 —
844 1385 870 1416 Ι.
889 1394 917 1416 e.
935 1394 982 1416 111.
999 1384 1105 1425 priori
1121 1384 1162 1415 de
1180 1383 1359 1415 Firmitate
1375 1392 1478 1423 super
1487 1382 1624 1419 Albam,
1639 1383 1828 1423 Lingonen.
1848 1383 1908 1419 di„
1925 1385 1958 1415 et
1974 1392 2062 1424 mag.
2080 1384 2219 1424 Hugoni

614 1440 654 1471 de
667 1438 911 1480 Montejustino
927 1447 965 1470 ac
975 1438 1136 1469 Poinceto
1147 1438 1186 1468 de
1197 1438 1314 1473 Barro,
1331 1437 1504 1468 B1suntin.
1516 1438 1550 1468 et
1559 1437 1747 1477 Lingonen.
1762 1445 1835 1468 can.
1848 1437 1931 1468 0001.
1942 1437 1994 1476 (A.
2009 1438 2060 1475 20,
2072 1437 2095 1468 f.
2108 1439 2168 1469 338
2182 1443 2195 1459 ³
2206 1447 2216 1474 ;

618 1493 654 1525 V.
671 1495 722 1531 76,
737 1502 790 1533 ep.
805 1494 890 1531 553.)

660 1543 796 1576 18931.
814 1563 852 1569 -
869 1544 998 1576 Nicolao
1015 1544 1051 1575 de
1065 1544 1170 1575 Ninna
1186 1544 1227 1575 de
1249 1545 1381 1576 Aversa
1402 1544 1516 1575 collat.
1537 1553 1655 1576 canon.
1674 1544 1754 1576 0001.
1781 1545 1948 1575 Aversan.
1973 1544 2009 1575 in
2026 1553 2093 1584 qua
2108 1545 2219 1576 certus

613 1609 685 1632 can.
702 1608 865 1631 numerus
881 1601 913 1630 et
930 1598 1034 1639 praeb.
1051 1598 1226 1630 distinctio
1243 1606 1311 1629 000
1325 1597 1505 1629 habentur.
1519 1614 1559 1620 -
1573 1598 1599 1628 I.
1620 1606 1650 1629 e.
1668 1606 1715 1629 m.
1735 1597 1812 1629 abb.
1829 1598 1976 1629 monast.
2000 1607 2029 1629 s.
2042 1598 2219 1630 Laurentii

613 1655 794 1690 Aversan.‚
812 1654 845 1684 et
859 1652 1005 1684 Geraldo
1021 1652 1061 1683 (10
1076 1652 1170 1688 Lalo,
1187 1652 1288 1691 Papae
1302 1659 1390 1690 cap.,
1407 1650 1673 1689 claromonten„
1695 1659 1732 1682 ac
1748 1651 1850 1682 Petro
1868 1651 2031 1688 Burdoni‚
2050 1652 2217 1683 Aversan.

613 1708 694 1739 eccl.
714 1715 787 1738 can.
808 1706 860 1744 (A.
877 1707 927 1743 20,
945 1706 969 1736 f.
989 1707 1049 1737 359
1066 1704 1099 1741 ¹³3
1122 1704 1155 1735 V.
1174 1707 1223 1741 76,
1241 1713 1294 1744 ep.
1311 1704 1397 1743 676.)

658 1758 793 1790 18932.
811 1777 849 1782 -
866 1758 1009 1790 Arnaldo
1023 1769 1048 1789 s.
1065 1758 1230 1789 Eustachii
1248 1758 1328 1789 diac.
1347 1758 1433 1788 card.
1451 1757 1552 1789 facul.
1570 1758 1790 1798 recipiendia
1806 1758 2011 1790 Raimumdo
2027 1759 2218 1790 Luctatoris

613 1816 646 1847 et
665 1823 684 1846 a
699 1813 893 1846 Raimundo
908 1812 1156 1845 Gazanhatoris
1169 1812 1332 1852 resignat.
1347 1811 1428 1843 0001.
1446 1820 1493 1843 00.
1517 1811 1648 1843 Cosmae
1664 1812 1697 1843 et
1711 1811 1870 1843 Damiani
1885 1811 1926 1843 de
1942 1812 2120 1852 Vaunagia
2135 1821 2173 1843 30
2189 1821 2217 1843 s.

612 1868 774 1909 Stephani
793 1867 834 1899 de
851 1867 1023 1904 Crosseto,
1041 1866 1248 1897 Nemausen.
1268 1867 1300 1897 et
1314 1866 1447 1905 Aquen.
1466 1865 1525 1903 di.,
1544 1866 1577 1897 et
1594 1865 1682 1905 ipsis
1699 1864 1808 1896 dictas
1823 1865 1903 1896 eccl.
1918 1865 2017 1905 Juxta
2034 1867 2215 1905 permutat.

613 1921 821 1954 conferendi.
838 1920 891 1961 (A.
909 1921 960 1957 21,
979 1919 1002 1950 f.
1020 1920 1060 1950 88
1075 1924 1106 1955 =;
1128 1918 1162 1951 V.
1182 1921 1232 1956 77,
1247 1927 1299 1958 ep.
1316 1918 1422 1959 1225.)

659 1972 794 2004 18933.
812 1993 850 1998 -
865 1973 1031 2015 Sychardo
1042 1973 1078 2003 de
1095 1972 1241 2010 Galliaco,
1254 1973 1334 2004 cler.
1351 1981 1418 2004 non
1432 1972 1609 2012 coniugato
1624 1971 1815 2004 Ruthenen.
1835 1971 1895 2009 di„
1913 1980 2005 2004 conc.
2020 1972 2218 2004 tabelliona-

611 2033 667 2061 tus
683 2029 739 2061 off.
757 2028 810 2068 (Α.
828 2029 879 2066 20,
899 2028 923 2059 f.
941 2029 999 2059 116
1021 2032 1051 2064 ³3
1078 2026 1108 2058 V.
1128 2029 1177 2064 77,
1197 2035 1250 2067 ep.
1266 2026 1372 2066 2053.)

658 2133 790 2165 18934.
812 2153 851 2158 —
867 2134 1037 2176 Arckiep.o
1058 2134 1204 2165 Viennen.
1222 2133 1335 2165 mand.
1354 2134 1392 2164 ut
1409 2132 1540 2165 relaxet
1553 2141 1661 2172 usque
1677 2132 1720 2164 ad.
1734 2132 1860 2164 festum
1873 2131 1965 2164 beati
1979 2133 2120 2164 Joannis
2133 2133 2217 2173 Bap-

611 2191 700 2222 tistae
714 2190 870 2230 proxime
885 2190 1067 2220 venturum
1081 2188 1298 2219 interdictum
1314 2187 1404 2227 quod
1419 2195 1517 2226 ep.us
1531 2185 1726 2218 Gebennen.
1739 2186 1775 2217 in
1788 2186 1881 2218 civit.
1891 2185 2086 2218 Gebennen.
2102 2187 2135 2218 et
2148 2194 2217 2217 cer-

610 2245 657 2275 tis
675 2243 753 2275 aliis
766 2243 852 2274 locis
867 2251 937 2273 suae
953 2241 998 2273 di.
1018 2241 1213 2273 decreverat
1229 2240 1492 2277 observandum,
1509 2240 1543 2271 et
1558 2239 1696 2271 interim
1712 2239 1872 2279 procedat
1883 2239 1918 2270 in
1936 2240 2135 2271 executione
2150 2239 2216 2270 litt.

612 2297 722 2338 apost.
740 2296 807 2336 ipsi
823 2296 1042 2332 directarum,
1059 2294 1185 2335 quibus
1203 2294 1234 2326 ei
1249 2294 1341 2334 Papa
1358 2293 1577 2325 commiserat
1591 2294 1628 2324 ut
1647 2293 1688 2324 de
1711 2292 1869 2332 dampnis
1890 2293 1979 2324 dicto
1995 2301 2071 2332 ep.0
2087 2293 2120 2324 et
2135 2292 2215 2324 0001.

611 2359 681 2382 suae
691 2350 799 2382 illatis
815 2358 875 2389 per
892 2358 925 2380 n.
943 2358 974 2380 v.
990 2348 1199 2385 Eduardum‚
1215 2347 1374 2379 comitem
1389 2346 1579 2384 Sabaudiae,
1597 2347 1630 2378 et
1643 2347 1847 2386 Aymonem,
1864 2346 2005 2378 fratrem
2019 2346 2105 2385 ejus,
2122 2346 2215 2381 cler„

611 2414 649 2436 ac
662 2404 846 2444 complices
861 2411 990 2440 eorum,
1011 2411 1096 2442 quos
1112 2402 1216 2433 etiam
1232 2401 1409 2432 absolvere
1432 2401 1526 2440 Papa
1547 2400 1768 2431 mandaverat
1791 2399 1833 2430 ab
1853 2408 1983 2431 excom.
2003 2399 2171 2431 sententia
2182 2399 2218 2430 in

611 2466 670 2490 eos
686 2459 866 2497 propterea
880 2456 1106 2496 promulgata,
1125 2455 1224 2495 plene
1248 2454 1411 2486 satisfieri
1438 2454 1583 2491 curaret,
1600 2454 1701 2493 prout
1729 2453 1821 2484 idem
1845 2461 1959 2484 comes
1976 2454 2009 2484 et
2023 2453 2127 2484 frater
2143 2452 2217 2492 ejus

611 2511 721 2552 parati
737 2511 844 2542 erant.
864 2510 915 2548 (A.
936 2510 986 2546 20,
1002 2509 1025 2540 f.
1041 2510 1101 2540 264
1117 2514 1146 2545 ⁸3
1166 2508 1202 2540 V.
1223 2510 1274 2545 76,
1293 2517 1345 2548 ep.
1365 2507 1450 2547 429.)

591 2571 596 2595 2
657 2561 794 2594 18935.
815 2581 853 2586 —
872 2562 1003 2595 Geraldo
1025 2562 1062 2593 de
1082 2561 1285 2599 Genebreriis,
1305 2561 1384 2593 cler.
1410 2561 1588 2592 Caturcen.
1615 2560 1676 2598 di„
1699 2560 1808 2600 gratia
1828 2568 1926 2600 exsp.
1943 2559 2055 2591 benef.
2073 2561 2113 2598 (c.
2133 2568 2161 2590 0.
2177 2560 2217 2590 80

611 2619 665 2650 vel
682 2627 710 2650 s.
725 2627 753 2650 0.
768 2618 808 2649 40
824 2617 848 2649 1.
866 2617 916 2656 t.),
932 2617 967 2648 in
983 2616 1075 2647 civit.
1094 2615 1148 2647 vel
1164 2615 1211 2647 di.
1227 2615 1374 2652 Uticen.,
1393 2614 1515 2654 pertin.
1534 2614 1575 2645 ad
1592 2613 1748 2654 disposit.
1764 2613 1832 2652 ep.i
1842 2622 1852 2650 ,·
1868 2621 1936 2644 000
1953 2612 2040 2644 obst.
2056 2613 2146 2652 quod
2160 2621 2216 2643 su-

609 2681 671 2712 per
686 2680 804 2703 canon.
825 2671 858 2702 et
873 2669 977 2710 praeb.
995 2669 1075 2701 0001.
1098 2669 1286 2706 Brivaten.,
1306 2677 1334 2699 s.
1353 2667 1447 2699 Flori
1466 2667 1525 2704 di„
1540 2667 1629 2707 apud
1645 2667 1678 2698 S.
1698 2667 1738 2698 A.
1756 2666 1878 2706 litiget.
1894 2665 1971 2697 —I.
1989 2674 2018 2696 0.
2036 2674 2082 2696 10.
2096 2665 2215 2696 Lemo-

610 2726 719 2757 vicen.
738 2726 771 2756 et
791 2724 912 2756 Riven.
933 2723 1033 2764 ep.is,
1052 2731 1090 2754 ac
1102 2722 1275 2754 Bernardo
1291 2720 1465 2761 Stephani,
1488 2729 1561 2752 can.
1578 2720 1755 2752 Caturcen.
1775 2719 1829 2759 (A.
1858 2720 1910 2756 20,
1934 2718 1957 2750 f.
1978 2720 2037 2750 294
2053 2717 2086 2755 ¹³3
2110 2717 2143 2749 V.
2163 2719 2212 2755 76,

611 2788 664 2820 ep.
682 2778 770 2818 520.)

598 2853 601 2854 ⁷
657 2829 793 2861 18938.
806 2848 845 2854 -
857 2831 942 2872 May.
960 2830 1074 2862 Jacobo
1089 2829 1218 2870 AEqidii
1232 2828 1268 2859 de
1283 2827 1421 2859 Massilia
1436 2827 1524 2859 conf.
1539 2827 1595 2859 off.
1612 2826 1822 2858 cancellariae
1839 2824 2072 2857 universitatis
2092 2823 2215 2863 magis-

610 2887 742 2918 trorum
755 2886 788 2917 et
803 2884 988 2916 scolarium
1001 2883 1217 2915 medicinalis
1229 2882 1379 2914 scientiae
1388 2880 1494 2912 studii
1509 2879 1826 2920 Montispessulani,
1837 2878 2047 2918 Magalonen.
2060 2877 2119 2914 di„
2137 2878 2213 2908 ante

611 2939 742 2971 obitum
758 2947 847 2979 mag.
865 2937 1044 2969 Bertrandi
1061 2936 1222 2974 Pertalis,
1239 2944 1292 2975 ap.
1317 2935 1351 2967 S.
1373 2935 1413 2966 A.
1434 2933 1595 2970 defuncti,
1613 2942 1632 2964 a
1648 2932 1812 2964 Pontifice
1838 2930 1995 2970 disposit.
2015 2938 2084 2961 suae
2107 2937 2215 2960 reser-

610 2993 738 3025 vatum.
757 3009 795 3014 —
809 2992 835 3023 I.
851 3000 880 3023 e.
897 3000 943 3022 m.
961 2991 1000 3022 B.
1015 2991 1061 3022 M.
1078 2990 1119 3021 de
1135 2989 1289 3025 Tabulis,
1309 2990 1342 3020 et
1358 2996 1386 3019 0.
1406 2987 1560 3019 Furmini
1576 2986 1616 3018 de
1631 2984 1930 3024 Montepessulano
1946 2982 2130 3023 prioribus,
2145 2982 2212 3014 Ma-
