2592 3562
369 354 430 384 468

369 550 473 578 Datum
507 545 741 590 Salzeburqae.

371 599 409 627 12
426 602 469 635 (iv
488 599 540 634 id.)
556 603 610 627 oct.
628 599 741 634 [1324]

410 709 514 736 Datum
536 704 574 738 in
593 711 701 738 castro

431 757 681 803 Wolmerstede.

411 811 451 838 26
465 814 548 839 mart.
568 811 670 846 [1325]
681 812 701 841 ¹.

445 855 500 891 (vu
513 855 572 883 kal.
594 855 670 891 apr.)

446 917 660 953 [1324-1325J.

475 1078 541 1106 Sine
556 1077 623 1105 data
633 1077 654 1104 2.

454 1506 472 1532 9
494 1510 546 1533 oct.
567 1506 655 1533 1324.

436 1719 478 1747 23
496 1727 557 1748 nov.
577 1720 666 1748 1324.

383 1764 444 1798 (Die
462 1764 581 1792 Veneris
598 1764 627 1792 in
647 1764 722 1793 festo

436 1809 463 1836 b.
487 1809 667 1843 Clementis).

439 1881 476 1908 10
492 1880 558 1915 jan.
577 1880 666 1909 1325.

387 2701 492 2728 Datum
514 2695 702 2730 Avenione.

421 2750 460 2778 27
477 2753 561 2778 mart.
580 2749 669 2779 1325.

359 2795 539 2831 (V1kal.apr.
549 2803 624 2823 anno
633 2797 730 2831 nono).

623 353 877 385 APPENDICES
899 353 956 385 AD
978 353 1126 386 NONUM
1148 353 1345 386 BULLARII
1365 353 1540 386 JOANNIS
1562 354 1653 386 XXII
1675 354 1836 387 ANNUM.
1858 373 1898 379 —
1920 355 2158 396 (mm-1884)

844 540 983 573 23:393.
1001 561 1041 566 —
1057 543 1195 575 Litterae
1216 543 1332 574 Ditrici
1347 544 1411 584 ep.i
1427 543 1630 574 Laventinen.
1645 544 1688 575 ad
1704 544 1870 576 Joannem
1886 544 1925 575 P.
1942 544 1982 576 P.
1998 543 2102 576 XXII
2116 544 2159 576 de
2174 543 2405 585 publicatione

801 605 1024 636 processuum
1038 598 1156 628 contra
1170 596 1382 629 Ludovicum
1393 597 1575 635 Bavarum,
1591 596 1858 629 ambasciatores
1870 597 1945 638 ejus
1960 598 1993 628 et
2005 597 2097 629 filios
2109 597 2244 630 Mathaei
2255 597 2297 630 de
2309 597 2406 631 Vice-

800 649 984 682 comitibus
995 650 1029 681 in
1043 650 1198 681 ecclesiis
1212 649 1304 681 civit.
1322 651 1354 682 et
1364 650 1410 681 di.
1426 651 1649 682 Laventinen.
1663 650 1821 690 (Ar-mario
1836 649 1872 688 C,
1888 650 1966 691 fasc.
1981 652 2034 688 61,
2044 660 2076 681 η.
2091 652 2130 689 53
2145 660 2233 693 per-q.
2247 651 2407 692 parvum.)

845 699 984 733 23394.
1000 721 1039 725 —
1061 704 1199 735 Litterae
1225 703 1398 734 Borchardi
1419 703 1573 746 archiep.i
1591 704 1832 745 Maqdeburqen.
1860 705 1901 736 de
1924 703 2155 744 publicatione
2181 711 2404 746 processuum

800 759 916 789 contra
940 758 1151 789 Ludovicum
1167 757 1335 789 Bavarum
1358 758 1447 789 facta
1469 757 1511 788 ab
1529 758 1605 798 ipso
1627 759 1661 789 et
1683 757 1907 798 suffraganeis
1922 757 2008 798 ejus.
2027 757 2185 799 (Ar-mario
2202 757 2239 797 C,
2256 758 2335 798 saec.
2354 760 2406 796 54,

801 821 832 840 η.
848 812 885 842 19
897 820 906 848 ;
925 820 1012 851 pery.
1031 820 1162 852 parvum
1176 811 1226 841 cui
1238 810 1374 842 adliaeret
1385 811 1593 852 fragmentum
1610 810 1708 853 sigilli
1725 811 1802 842 dicti
1813 811 2060 853 archiepiscopi.)

846 915 982 947 23395.
1003 937 1042 942 —
1058 918 1196 950 Litterae
1211 918 1344 960 capituli
1358 918 1517 959 Sipontin.
1537 919 1579 950 ad
1594 919 1745 960 Capuan.
1761 921 1794 951 et
1807 919 2022 959 Neapolitan.
2039 919 2229 960 archiep.os
2241 919 2283 951 de
2294 918 2407 960 publi-

799 973 931 1004 catione
944 981 1168 1012 processuum
1184 974 1301 1004 contra
1314 972 1527 1004 Ludovicum
1539 973 1710 1004 Bavarum
1722 973 1757 1004 in
1771 972 1851 1005 eccl.
1862 973 2030 1013 Sipontin.
2041 972 2199 1013 (Armario
2212 972 2248 1009 C,
2258 973 2337 1013 fasc.
2350 973 2403 1010 5³,

799 1036 830 1056 n.
847 1028 866 1058 6
873 1036 882 1062 ;
901 1030 1072 1056 car-taceam
1086 1026 1245 1066 parvum.)
2447 1066 2450 1067 ⁷

841 1075 857 1092 v
878 1076 1016 1109 23396.
1039 1097 1077 1102 -
1093 1079 1133 1111 G.
1153 1080 1194 1111 de
1209 1079 1380 1119 Podanhs,
1401 1079 1447 1111 di.
1468 1081 1660 1117 Caturcen..
1684 1080 1917 1120 procuratoris
1933 1080 1972 1112 O.
1990 1080 2029 1112 F.
2047 1080 2087 1113 P.
2102 1079 2329 1120 vicesgerens,
2346 1087 2406 1112 ex-

797 1133 893 1172 ponit
904 1133 925 1164 J
927 1133 1028 1164 oanni
1042 1133 1142 1172 Papae
1154 1133 1254 1164 XXII
1271 1133 1385 1164 omnia
1400 1142 1474 1174 quae
1486 1133 1654 1165 habentur
1671 1135 1788 1165 contra
1803 1133 1945 1165 fratrem
1957 1133 2194 1165 Hermannum
2207 1133 2248 1165 dc
2263 1133 2404 1166 Summo

799 1188 832 1218 et
849 1186 990 1217 fratrem
1009 1186 1245 1226 Guillelmum,
1265 1187 1395 1218 socium
1419 1187 1572 1226 praedicti
1587 1187 1705 1218 fratris
1725 1187 1926 1225 Hermanni,
1941 1189 1974 1219 et
1987 1187 2158 1227 supplicat
2173 1188 2211 1218 ut
2226 1186 2404 1219 remittan-

798 1240 854 1270 tur
867 1240 909 1270 ad
920 1248 1002 1270 suos
1018 1239 1213 1279 superiores
1228 1240 1415 1271 secundum
1431 1240 1638 1281 exigentiam
1653 1249 1793 1272 suorum
1807 1249 2010 1272 excessuum
2022 1239 2224 1281 corrigendi,
2240 1241 2274 1272 et
2289 1238 2405 1273 subito
2464 1243 2466 1246 '
2513 1231 2558 1266 '32‘

799 1294 1009 1324 arrestentur
1023 1301 1064 1324 ne
1080 1293 1115 1323 in
1137 1292 1375 1324 Lombardiam
1391 1294 1433 1324 ad
1447 1295 1616 1325 Bavarum
1630 1303 1666 1325 se
1682 1294 1916 1326 transmittant
1928 1302 1989 1334 pro
2007 1293 2254 1334 stipendiariis.
2273 1293 2404 1334 (Arma-

798 1347 846 1377 rio
865 1346 899 1382 C,
922 1346 1000 1386 fasc.
1024 1348 1053 1382 1,
1071 1357 1102 1376 n.
1119 1348 1139 1378 9
1145 1355 1154 1382 3
1175 1345 1340 1387 parvulum
1360 1351 1546 1387 quaternum
1561 1351 1733 1389 cartaceum
1749 1347 1865 1378 duobus
1876 1347 1963 1387 soliis
1977 1352 2131 1385 constans,
2150 1346 2233 1388 quod
2245 1346 2404 1379 invenitur

797 1400 831 1430 in
843 1399 994 1439 fasciculo
1009 1399 1144 1440 ejusdem
1158 1400 1289 1430 armarii
1294 1410 1303 1436 ;
1322 1400 1522 1436 Sauerland,
1540 1399 1707 1431 Urkunden
1720 1400 1784 1431 und
1799 1400 1942 1442 Reyesten
1959 1410 2013 1431 zur
2026 1400 2204 1432 Gesckiclzte
2221 1399 2277 1431 der
2292 1399 2406 1432 Blacin-

799 1453 902 1489 Iande,
920 1454 944 1484 t.
963 1453 988 1488 Ι,
1007 1462 1040 1492 p.
1061 1455 1134 1490 399,
1154 1462 1187 1484 n.
1206 1454 1293 1492 868.)

844 1504 980 1535 23397.
1001 1524 1041 1529 —
1055 1507 1170 1538 Mand.
1187 1508 1399 1546 procuratori
1416 1507 1510 1539 Petri
1526 1508 1693 1539 Temanni
1708 1496 1749 1539 de
1767 1507 1929 1539 societate
1943 1507 2123 1540 Guilielmi
2133 1506 2312 1539 Vaccherii
2325 1514 2402 1541 con-
2430 1537 2434 1540 .
2483 1530 2492 1543 2

797 1560 970 1591 testabilis
985 1560 1139 1600 equitum
1160 1561 1201 1591 ad
1219 1560 1390 1600 stipendia
1405 1561 1446 1593 R.
1464 1561 1504 1592 E.
1523 1561 1779 1597 conductorum,
1796 1562 1838 1592 ad
1855 1561 2087 1601 recipiendam
2103 1561 2310 1593 solutionem
2325 1568 2403 1594 suo·
2447 1580 2450 1584 -
2518 1571 2552 1599 ·.>

797 1622 873 1644 rum
891 1614 1141 1653 stipendiorum
1160 1623 1179 1645 a
1193 1614 1360 1646 Pontifice
1384 1614 1437 1645 illi
1456 1614 1660 1646 debitorum.
1686 1615 1846 1655 (Armario
1861 1614 1933 1652 XV,
1948 1624 2044 1656 capsa
2061 1613 2134 1652 VII,
2149 1624 2182 1646 n.
2200 1615 2252 1651 35,
2268 1624 2302 1655 p.
2321 1614 2380 1647 ¹25
2390 1622 2403 1653 ς

797 1666 1075 1708 autlzoqraplzum.)

842 1717 980 1750 23398.
995 1739 1033 1744 —-
1051 1721 1216 1752 Instrum.
1237 1722 1511 1761 praesentationis
1530 1722 1597 1753 litt.
1615 1722 1724 1754 Fortii
1739 1722 1912 1754 Pictaven.
1931 1722 1999 1762 ep.i
2020 1722 2118 1754 factae
2133 1722 2235 1754 Petro
2255 1721 2400 1763 archipr.

797 1773 837 1805 de
851 1773 1045 1811 Ambriaco,
1062 1775 1232 1806 Pictaven.
1250 1775 1310 1812 di.,
1329 1784 1391 1815 pro
1403 1775 1634 1815 publicatione
1648 1784 1871 1815 processuum
1886 1776 2030 1808 Joannis
2044 1775 2145 1807 XXII
2160 1776 2279 1807 contra
2292 1774 2403 1807 Ludo-

795 1827 909 1858 vicum
921 1828 1092 1858 Bavarum
1108 1828 1248 1868 ejusque
1264 1828 1426 1860 fautores.
1442 1829 1603 1870 (Armario
1618 1829 1690 1867 XV,
1708 1839 1803 1870 capsa
1819 1829 1860 1867 X,
1877 1840 1908 1860 n.
1927 1831 1958 1865 8,
1977 1839 2011 1870 p.
2024 1831 2063 1867 43
2077 1828 2181 1870 perq.)

839 1876 854 1893 v
869 1878 1007 1910 23399.
1033 1898 1071 1903 -
1097 1881 1259 1913 instrum.
1279 1891 1346 1922 quo
1363 1891 1462 1922 ep.us
1478 1884 1511 1914 et
1527 1883 1627 1923 capit.
1651 1883 1822 1923 Anagnin.
1844 1883 2009 1915 nonnulla
2027 1883 2164 1915 decreta
2187 1881 2402 1914 constituunt

792 1930 854 1974 pro
873 1934 966 1965 cultu
986 1944 1012 1966 s.
1030 1935 1119 1966 Petri
1140 1936 1206 1975 ep.i
1223 1935 1407 1976 Anagnin.,
1424 1936 1484 1967 ubi
1502 1936 1633 1967 inserta
1648 1937 1700 1967 est
1717 1936 1812 1967 bulla
1825 1936 2002 1967 Paschalis
2019 1946 2042 1967 11
2061 1944 2165 1976 super
2181 1935 2275 1967 cultu
2290 1934 2399 1975 ejusd.

793 1987 913 2022 sancti,
932 1996 1019 2019 anno
1037 1990 1127 2025 1110,
1146 1998 1169 2019 ιι
1187 1997 1264 2020 non.
1281 1988 1367 2028 jun.,
1385 1989 1555 2029 expedita.
1575 1989 1734 2028 (Armario
1750 1989 1778 2025 Ι,
1795 1999 1888 2030 capsa
1903 1989 1961 2035 ΧΙ,
1981 2000 2012 2020 η.
2030 1991 2068 2026 83
2084 1987 2361 2029 authoqraplaum.)

1560 2342 1630 2394 V

881 2455 1053 2498 Excerpta
1076 2465 1093 2487 e
1118 2453 1267 2487 bullario
1289 2452 1445 2498 qenerali
1466 2453 1509 2487 ab
1532 2452 1730 2487 Alexandro
1753 2453 1810 2486 III
1828 2464 1933 2498 usque
1953 2452 2003 2486 ad
2025 2452 2231 2487 Clementem
2261 2453 2308 2487 VJ

1088 2515 1126 2549 in
1151 2526 1287 2550 camera
1307 2516 1465 2561 praefecti
1487 2515 1727 2550 Archiviorum
1755 2516 1997 2549 Vaticanorum
2019 2515 2098 2550 sito.

833 2691 967 2724 23400.
983 2712 1023 2718 —
1037 2695 1237 2735 Prorogatio
1251 2694 1293 2726 ad
1308 2693 1485 2725 biennium
1502 2693 1748 2726 reservationis
1762 2693 2005 2726 beneficiorum
2017 2695 2256 2726 vacaturorum
2266 2694 2302 2725 in
2316 2701 2394 2734 pro·
2443 2713 2446 2715 Δ
2476 2690 2515 2722 -’.ἶ

787 2748 900 2780 vincia
918 2748 1154 2788 Aquilegensi.
1175 2748 1230 2789 (N.
1249 2749 1289 2779 58
1300 2757 1309 2784 ;
1322 2756 1382 2788 pro
1399 2747 1513 2784 curia.)

818 2855 840 2879 1.
861 2854 928 2881 Sine
944 2854 1032 2879 dubio
1047 2853 1245 2879 adscribendae
1260 2854 1329 2878 sunt
1343 2852 1387 2878 11ae
1403 2852 1509 2878 litterae
1525 2858 1600 2877 anno
1616 2852 1686 2880 132⁵.
1701 2852 1771 2885 quia
1783 2851 1969 2878 Borehardus
1983 2851 2109 2877 decessit
2125 2851 2204 2878 circa
2220 2851 2394 2884 vigesimum

785 2895 860 2920 diem
874 2894 1046 2926 septembris
1062 2894 1150 2919 istius
1164 2893 1244 2919 anni.
1491 2892 1495 2894 “

816 2940 840 2965 2.
855 2940 948 2965 Dorso
963 2939 1072 2971 legitur
1088 2947 1099 2962 ‹
1118 2945 1193 2963 anno
1211 2938 1272 2963 1325
1291 2947 1302 2961 ι
1319 2944 1353 2963 ex
1369 2937 1507 2962 moderna
1522 2943 1620 2962 manu.

856 3085 1038 3104 IMPmMnnm
1060 3069 1220 3103 GssNssRALB-
1241 3084 1281 3102 mi
1304 3082 1653 3102 anTILLON-sun-smmz.
1676 3089 1707 3094 —·
1729 3083 1756 3101 Δ.
1778 3082 1898 3101 Plenam.
