2592 3562
428 370 470 402 50

460 458 564 486 Datum
582 451 767 486 Avenione.

497 560 538 588 28
555 559 615 589 dec.
638 557 726 586 1323.

512 611 543 640 (v
563 602 621 631 kal.
638 602 714 639 jan.)

550 648 581 675 Τ.
602 648 673 675 XVI.

572 719 609 747 Ut
627 727 651 746 s.

558 764 590 791 T.
611 763 668 790 XX.

570 825 606 853 Ut
625 833 649 852 s.

538 870 568 896 T.
591 869 684 896 XXIV.

498 1145 539 1172 29
553 1145 611 1172 dec.
631 1145 718 1172 1323.

502 1189 546 1225 (ιν
561 1190 619 1217 kal.
636 1189 711 1225 jan.)

462 1234 493 1262 T.
512 1235 547 1261 xl
569 1235 612 1269 ¹l2‚
632 1235 692 1261 xm
711 1234 752 1268 ¹12.

491 1466 527 1493 31
549 1466 607 1493 dcc.
632 1466 719 1493 4323.

507 1511 541 1545 (11
558 1511 617 1538 kal.
635 1510 709 1546 jan.)

514 1556 544 1583 T.
562 1555 606 1587 XI,
626 1555 696 1582 XIII.

567 1679 601 1706 Ut
617 1688 641 1706 s.

512 1724 542 1750 T.
559 1724 605 1756 XI,
619 1723 691 1751 XIII.

455 1893 469 1918 Ι
486 1891 569 1927 (kal.)
581 1891 648 1926 jan.
665 1892 752 1919 1324.

510 1936 540 1963 Τ.
558 1936 603 1967 XI,
619 1936 691 1964 XIII.

564 2158 599 2186 Ut
620 2167 644 2187 s,

551 2203 581 2230 T.
602 2203 656 2230 XL.

556 2747 593 2775 Ut
608 2756 631 2774 s.

537 2792 568 2820 T.
590 2793 647 2820 XX.

824 361 998 394 JOANNH
1020 360 1140 394 PAPAE
1162 360 1264 394 XXII.
1288 360 1540 399 (1316-1334).
1563 375 1601 381 ——
1624 355 1811 388 LerERAE
1834 355 2059 388 COMMUNES

901 551 1039 586 18702.
1060 571 1094 576 -
1113 552 1271 584 Praedictae
1287 551 1444 582 comitissae
1459 548 1653 588 indu¹geIur
1670 547 1771 578 idem.
1787 545 1841 587 (A.
1856 547 1908 584 20,
1926 546 1949 579 f.
1964 547 2023 578 237
2041 552 2071 584 ·;
2089 546 2123 578 ν.
2137 549 2187 586 76,
2203 555 2256 588 ep.
2269 536 2330 581 ‘37⁶
2345 549 2399 590 B.)

898 711 1035 744 18703.
1054 730 1094 737 -
1111 712 1319 745 Reservatur
1337 706 1554 748 dispositioni
1579 705 1613 737 S.
1635 706 1677 736 A.
1696 705 1881 737 decanatus
1898 705 1980 737 eccl.
2000 706 2200 739 Lexovien..
2216 715 2289 739 vac.
2312 715 2372 748 per
2388 707 2458 739 obi-

851 770 925 800 tum
940 768 975 799 in
991 767 1147 808 partibus
1163 766 1234 797 illis
1246 763 1388 796 Joannis
1404 762 1528 792 Bacon.
1546 759 1600 800 (A.
1618 759 1669 796 20,
1687 758 1710 790 f.
1728 760 1786 790 371
1805 758 1837 795 b;
1857 758 1892 790 V.
1913 760 1962 796 76,
1979 767 2033 799 ep.
2052 760 2135 798 778.)

898 818 1034 851 18704.
1051 839 1088 843 —
1106 819 1183 850 Abb.
1200 822 1329 848 monast.
1348 815 1386 846 Β.
1403 815 1446 845 Μ.
1464 813 1500 844 de
1518 813 1679 849 Grestano,
1694 812 1857 844 Lewovien.
1875 811 1932 849 di.,
1947 817 1975 843 et
1987 823 2068 853 may.
2086 812 2250 844 Guillelmo
2270 814 2364 852 leion,
2385 814 2455 845 Tre·

852 885 964 910 coren„
982 884 1016 904 ac
1035 871 1187 904 Riccardo
1208 871 1244 902 de
1261 869 1385 906 Alnvto,
1407 866 1610 899 Aurelianen.
1637 875 1705 897 can.
1728 866 1816 904 eccl„
1841 866 1957 897 mand.
1975 867 2012 897 ut
2033 866 2221 898 Gruillelmo
2245 867 2285 898 de
2301 867 2456 900 Estoute-

850 928 945 965 villa,
960 926 1190 959 Constantien.
1213 926 1245 955 et
1267 933 1295 954 s.
1316 920 1497 961 Gaugerici
1515 920 1732 951 Cameracen.
1751 919 1831 950 eccl.
1852 928 1925 951 can.
1947 919 2108 959 praeben„
2126 920 2301 952 conferant
2314 921 2458 953 decana-

849 983 922 1012 tum
942 981 1020 1012 eccl.
1040 978 1236 1011 Lexovien.‚
1254 977 1289 1007 in
1308 984 1374 1015 qua
1389 974 1492 1006 etiam
1509 981 1627 1004 canon.
1643 972 1772 1004 obtinet
1788 974 1821 1004 et
1841 972 1957 1013 praeb.‚
1975 981 2035 1012 per
2051 972 2134 1005 obit.
2153 973 2295 1005 Joannis
2309 974 2457 1006 Bacenis

849 1044 921 1065 vac.
939 1036 971 1064 et
994 1043 1012 1064 a
1027 1032 1190 1064 Pontifice
1213 1029 1370 1069 disposit.
1391 1036 1460 1058 suae
1481 1027 1704 1063 reservatum,
1723 1026 1907 1057 dummodo
1925 1027 2003 1057 ante
2020 1027 2182 1058 reservat.
2202 1027 2399 1067 hujusmodi
2413 1027 2457 1060 ad

849 1087 1048 1118 electionem
1067 1084 1183 1116 decani
1202 1084 1237 1114 in
1254 1082 1326 1114 ead.
1347 1081 1428 1112 eccl.
1449 1080 1590 1111 minime
1605 1079 1649 1111 sit
1662 1088 1872 1119 processum.
1892 1079 1943 1118 (A.
1961 1080 2118 1116 20,f.443
2135 1079 2164 1116 ὓς
2187 1080 2220 1110 V.
2239 1083 2353 1121 76,ep.
2368 1081 2455 1122 832.)

895 1136 1028 1168 18705.
1047 1156 1086 1161 -
1104 1136 1264 1168 Ber-nardo
1277 1134 1419 1175 Huqonis
1437 1134 1474 1164 de
1491 1132 1685 1164 Cardalhaco
1703 1133 1840 1164 collatio
1858 1141 1977 1165 canon.
1992 1134 2025 1164 et
2040 1134 2142 1172 praeb.
2163 1133 2245 1165 eccl.
2261 1134 2455 1172 Carnoten.,

848 1203 920 1224 vac.
939 1202 997 1232 per
1013 1192 1142 1223 obitum
1160 1188 1382 1222 vicecomitis
1399 1188 1440 1219 de
1455 1187 1725 1219 vicecomitibus
1740 1187 1781 1218 de
1802 1186 1985 1224 Placentia,
2000 1186 2034 1218 S.
2051 1187 2092 1218 A.
2110 1196 2202 1227 cap.;
2223 1196 2290 1219 non
2309 1187 2395 1219 obst.
2414 1188 2456 1220 de

848 1245 1108 1278 Clarisvallibus
1134 1246 1166 1275 et
1192 1243 1232 1274 de
1256 1241 1436 1281 Verologio
1462 1240 1609 1272 invicem
1634 1242 1776 1271 annexis
1799 1241 1832 1271 et
1858 1240 1899 1271 de
1926 1240 2100 1272 Vimineto
2125 1241 2340 1272 saecularium
2371 1241 2453 1274 eccl.

849 1299 1055 1340 prioratibus
1077 1307 1103 1329 s.
1123 1307 1164 1334 c.‚
1182 1296 1372 1328 Ruthenen.
1390 1295 1449 1332 di.,
1475 1295 1508 1325 et
1523 1303 1642 1326 canon.
1662 1302 1700 1325 ac
1718 1293 1822 1334 praeb.
1841 1293 1921 1325 eccl.
1942 1294 2133 1325 Ruthenen.
2152 1294 2216 1325 sub
2234 1303 2330 1335 exsp.
2350 1295 2454 1335 dign„

846 1354 1049 1393 personatus
1071 1351 1125 1382 vel
1143 1351 1198 1381 off.
1220 1359 1248 1380 c.
1267 1358 1294 1381 c.
1314 1349 1369 1380 vel
1389 1357 1416 1380 s.
1435 1357 1463 1379 c.
1480 1365 1520 1371 -—
1542 1348 1568 1378 1.
1587 1356 1615 1379 e.
1634 1356 1679 1379 m.
1696 1347 1930 1388 Engolismen.
1955 1349 1988 1378 et
2009 1348 2156 1388 Burgen.
2182 1348 2332 1386 decanis,
2353 1357 2391 1380 ac
2406 1357 2456 1380 ar·

847 1407 933 1438 chid.
953 1407 992 1436 de
1010 1404 1168 1436 Lautrico
1186 1403 1321 1435 Albien.
1337 1402 1417 1433 eccl.
1441 1402 1493 1441 (A.
1513 1402 1562 1439 20,
1581 1401 1602 1432 f.
1617 1401 1719 1439 232b3
1738 1401 1774 1432 V.
1794 1403 1843 1437 76,
1865 1410 1917 1440 ep.
1933 1401 2018 1440 364.)

892 1457 1026 1488 18706.
1049 1477 1085 1481 -
1110 1457 1254 1488 Cunrado
1272 1461 1343 1486 nato
1362 1455 1498 1495 Budyeri
1512 1454 1650 1485 Loeblini
1670 1463 1765 1494 prov.
1785 1463 1903 1486 canon.
1925 1454 2006 1485 eccl.
2026 1454 2250 1494 Ratisponen.
2276 1455 2340 1486 sub
2357 1464 2456 1496 exsp.

846 1513 962 1553 praeb.,
977 1512 1106 1543 consid.
1124 1510 1267 1542 Joannis
1285 1509 1456 1541 Bohemiae
1473 1508 1575 1549 regis.
1591 1527 1629 1532 —
1645 1509 1671 1539 Ι.
1688 1517 1717 1539 e.
1737 1517 1782 1539 m.
1799 1516 1903 1548 praep.
1922 1509 2069 1539 monast.
2085 1517 2113 1539 s.
2132 1508 2259 1548 Magni,
2275 1517 2336 1548 per
2349 1518 2456 1550 praep.

846 1567 939 1598 soliti
958 1565 1048 1605 gub„
1066 1566 1162 1596 extra
1179 1573 1295 1595 muros
1311 1563 1549 1603 Ratisponen.,
1565 1563 1598 1594 et
1614 1562 1741 1593 decano
1763 1561 2041 1601 Veteriscapellae
2054 1561 2290 1601 Ratisponen.‚
2313 1571 2351 1594 ac
2363 1570 2454 1603 mag.

844 1619 969 1651 Jacobo
986 1620 1026 1650 de
1042 1618 1184 1656 Mutina,
1206 1618 1306 1657 Papae
1322 1626 1408 1656 cap„
1426 1625 1498 1647 can.
1517 1616 1734 1647 Cameracen.
1753 1615 1834 1646 eccl.
1855 1614 1906 1652 (Α.
1925 1616 1977 1652 20,
1998 1615 2021 1646 f.
2041 1616 2100 1647 216
2120 1615 2154 1653 ῦς
2178 1614 2213 1646 V.
2229 1617 2279 1653 76,
2301 1624 2355 1656 ep.
2369 1616 2457 1657 325.)

891 1670 1027 1702 18707.
1043 1689 1082 1695 —
1100 1671 1233 1702 (luidoni
1249 1671 1375 1708 Breton,
1394 1669 1507 1710 presb.
1530 1669 1742 1700 Lincolnien.
1761 1668 1821 1706 di.,
1841 1668 1950 1709 gratia
1963 1677 2061 1708 exsp.
2076 1668 2187 1700 benef.
2203 1678 2231 1700 c.
2247 1677 2275 1700 c.
2291 1668 2347 1701 vel
2364 1678 2393 1701 s.
2412 1678 2454 1707 c„

845 1728 885 1758 ad
903 1727 978 1758 abb.
994 1728 1027 1757 et
1039 1735 1135 1757 conv.
1154 1727 1300 1756 monast.
1321 1725 1361 1755 de
1376 1724 1490 1761 Burgo
1502 1732 1529 1754 s.
1550 1723 1655 1761 Petri,
1676 1723 1715 1754 O.
1733 1723 1766 1754 S.
1786 1723 1837 1760 B„
1853 1722 1950 1754 dictae
1964 1722 2024 1758 di.,
2041 1722 2153 1754 collat.
2172 1723 2296 1762 pertin.
2315 1722 2351 1754 in
2361 1723 2454 1755 civit.

845 1781 898 1812 vel
923 1781 968 1811 di.
990 1779 1201 1811 Lincolnien.
1220 1796 1258 1801 —
1275 1778 1300 1809 Ι.
1318 1787 1346 1809 e.
1370 1786 1416 1808 m.
1435 1777 1511 1808 abb.
1537 1778 1682 1808 monast.
1710 1777 1751 1807 de
1770 1776 1960 1816 Barlinges,
1988 1777 2021 1807 et
2039 1775 2148 1815 priori
2167 1777 2208 1808 de
2226 1776 2454 1817 Torcheseya‚

844 1834 1055 1865 Lincolnien.
1073 1833 1132 1870 di.,
1151 1842 1189 1864 ac
1207 1832 1399 1863 subdecano
1416 1831 1495 1862 eccl.
1514 1830 1726 1862 Lincolnien.
1745 1830 1796 1868 (A.
1816 1831 1866 1867 20,
1885 1829 1908 1860 f.
1925 1831 1984 1861 276
1999 1835 2029 1865 η
2053 1829 2085 1861 V.
2106 1831 2156 1865 76,
2174 1838 2226 1869 ep.
2245 1830 2332 1870 453.)

893 1885 1025 1916 18708.
1051 1906 1089 1910 -
1109 1886 1263 1917 Aimerico
1282 1885 1318 1916 de
1340 1884 1507 1920 Gordomo,
1535 1884 1641 1924 priori
1661 1884 1775 1915 saecul.
1800 1883 1881 1915 eccl.
1902 1884 1943 1914 de
1966 1883 2161 1921 Montaudo,
2183 1883 2363 1916 Caturcen.
2391 1884 2452 1920 di.,

845 1942 940 1981 parvi
964 1941 1104 1978 valoris,
1131 1939 1267 1971 collatio
1286 1947 1403 1970 canon.
1430 1939 1463 1970 et
1485 1937 1588 1978 praeb.
1615 1938 1695 1969 eccl.
1723 1946 1751 1967 s.
1777 1937 1916 1968 Martini
1939 1937 2123 1975 Turonen„
2142 1945 2215 1968 vac.
2242 1945 2304 1977 per
2321 1937 2454 1970 obitum

844 1996 933 2035 apud
950 1996 983 2027 S.
1002 1996 1042 2026 A.
1059 1993 1227 2026 Guidonis
1242 1993 1283 2024 de
1299 1992 1429 2024 Canali.
1449 2009 1488 2013 —
1503 1992 1530 2023 Ι.
1551 2001 1580 2023 e.
1599 2000 1643 2022 m.
1661 1991 1787 2022 decano
1808 1999 1835 2021 s.
1857 1990 2018 2030 Stephani
2038 1991 2079 2022 de
2105 1991 2257 2022 Tescone
2277 1991 2455 2023 Montisal-

842 2049 933 2086 ban,
954 2050 986 2080 et
1013 2057 1115 2088 praep.
1141 2047 1181 2078 de
1206 2046 1336 2083 Insula,
1364 2045 1569 2077 Cavallicen.
1599 2045 1658 2082 di.,
1689 2053 1726 2075 ac
1751 2044 1879 2076 archid.
1908 2044 1951 2075 de
1974 2044 2156 2076 Citravada
2179 2044 2336 2084 Bajocen.
2368 2045 2452 2076 eccl.

843 2103 896 2143 (A.
913 2104 962 2138 20,
982 2102 1004 2132 f.
1022 2103 1081 2133 204
1099 2107 1130 2138 ³3
1154 2101 1186 2132 V.
1206 2102 1256 2135 76,
1272 2109 1325 2140 ep.
1344 2099 1428 2139 296.)

889 2154 1026 2186 18709.
1046 2174 1084 2178 —
1101 2154 1181 2186 Abb.
1200 2158 1327 2184 monast.
1348 2153 1384 2183 S.
1405 2153 1447 2184 M.
1468 2152 1504 2182 de
1529 2151 1738 2193 Cheriqnano,
1757 2156 1785 2181 ee
1796 2151 1897 2192 priori
1920 2162 1944 2181 s.
1967 2150 2083 2182 Donati
2097 2150 2134 2182 de
2146 2151 2256 2189 Proto,
2274 2161 2310 2182 ac
2320 2151 2453 2193 plebano

838 2210 938 2251 plebis
955 2221 980 2241 s.
996 2208 1153 2240 Michaelis
1172 2207 1209 2238 de
1227 2207 1444 2247 Carmiynano,
1463 2206 1630 2237 Pistorien.
1650 2205 1706 2243 di.,
1733 2205 1847 2237 mand.
1871 2207 1920 2242 ut,
1938 2204 2125 2244 praehabita
2140 2205 2375 2245 inquisitione,
2394 2206 2449 2238 de·

841 2264 1002 2295 nuncient
1021 2263 1158 2294 omnino
1176 2270 1290 2293 carere
1307 2260 1426 2292 robore
1446 2260 1620 2291 firmitatiS
1637 2260 1882 2290 testamentum
1898 2258 2023 2298 quond.
2048 2258 2204 2290 Rainerii
2225 2259 2353 2299 quond.
2370 2259 2455 2291 For·

841 2318 902 2348 tini
919 2318 958 2348 de
976 2315 1251 2352 Floravantibus,
1273 2315 1358 2346 civis
1376 2313 1571 2350 pistorien„
1591 2313 1649 2353 qui
1663 2312 1862 2352 compulsus
1880 2313 1922 2343 ad
1944 2311 2208 2352 impressionem
2227 2312 2396 2344 Armanni
2410 2313 2453 2345 de

840 2371 997 2408 Teditiis,
1016 2370 1092 2401 abb.
1110 2371 1255 2401 monast.
1270 2369 1303 2400 S.
1319 2369 1363 2399 M.
1381 2368 1422 2399 de
1438 2367 1617 2403 Pacciana,
1633 2367 1705 2397 ord.
1719 2366 2016 2403 Vallisumbrosae,
2032 2365 2218 2397 Pistorien.
2234 2366 2294 2403 di.,
2307 2366 2343 2397 in
2357 2367 2451 2398 civit.

839 2428 871 2456 et
887 2425 1045 2456 districtu
1066 2423 1249 2455 Pistorien.
1266 2422 1456 2462 tyramnice
1477 2422 1558 2452 tunc
1581 2420 1747 2460 temporis
1773 2419 1994 2454 dominantis,
2019 2419 2089 2455 fere
2116 2419 2231 2451 omnia
2249 2419 2339 2451 bona
2353 2419 2452 2452 Biliae

839 2479 963 2518 quond.
984 2477 1099 2510 Ciechi
1119 2477 1159 2508 de
1181 2476 1340 2513 Teditiis,
1363 2475 1447 2506 civis
1473 2474 1672 2510 Pistorien.,
1690 2473 1798 2513 ejusd.
1817 2473 1893 2504 abb.
1911 2473 2015 2512 nepti,
2030 2473 2169 2513 legavit,
2189 2473 2225 2504 in
2247 2473 2401 2505 fraudem
2417 2475 2452 2506 et

838 2532 1072 2571 praejudicium
1090 2530 1187 2562 Baldi
1206 2532 1238 2561 et
1255 2529 1396 2560 Puccini
1415 2528 1560 2560 fratrum
1577 2536 1730 2564 suorum,
1749 2527 1792 2558 ad
1806 2535 1891 2567 quos
1910 2527 2014 2558 etiam
2032 2527 2194 2566 praedicta
2214 2526 2303 2559 bona
2317 2535 2380 2567 pro
2398 2527 2453 2558 in—

824 2586 948 2616 ·diviso
966 2584 1174 2625 spectabant.
1192 2584 1331 2615 Mandat
1345 2582 1449 2614 etiam
1464 2581 1624 2613 Pontifex
1639 2582 1677 2612 ut
1690 2581 1763 2612 ead.
1777 2580 1866 2612 bona
1878 2580 1984 2612 Baldo
2000 2582 2033 2611 et
2045 2580 2194 2611 Puccino
2208 2580 2392 2620 praedictis,
2408 2581 2451 2613 de

837 2640 926 2670 dieta
942 2639 1078 2670 civitate
1102 2639 1240 2678 propter
1256 2637 1366 2676 ipsius
1390 2635 1467 2667 abb.
1493 2635 1724 2676 tyramnidem
1750 2634 1918 2674 expulsis,
1942 2634 2138 2674 adjudicare
2158 2635 2287 2666 curent.
2316 2634 2370 2674 (A.
2396 2635 2449 2672 20,

838 2693 860 2723 f.
880 2694 939 2723 224
956 2698 983 2728 a;
1003 2692 1036 2723 V.
1054 2694 1104 2729 76,
1120 2701 1172 2731 ep.
1192 2691 1279 2730 344.)
1840 2691 1842 2694 ’

884 2743 1018 2774 18710.
1045 2763 1082 2767 —
1105 2745 1187 2785 Ερ.ο
1211 2744 1334 2776 Albien.
1356 2743 1470 2775 mand.
1492 2743 1529 2774 ut
1549 2742 1592 2774 ad
1613 2750 1736 2773 manus
1757 2749 1838 2773 suas
1859 2741 2002 2781 recipiat
2024 2742 2056 2772 et
2081 2741 2263 2781 diligenter
2281 2741 2451 2774 custodiat

837 2800 967 2830 fructus
983 2799 1153 2838 prioratus
1172 2799 1212 2829 de
1229 2798 1367 2835 Securo,
1390 2797 1462 2828 ord.
1483 2796 1650 2833 Cluniae„
1665 2795 1801 2828 Albien.
1820 2794 1879 2832 di.,
1905 2803 2008 2835 super
2024 2803 2090 2834 quo
2109 2796 2184 2826 orta
2199 2794 2290 2826 inter
2304 2794 2448 2827 Guillel-

835 2862 928 2884 mum
951 2853 1156 2883 Esclausada
1171 2861 1213 2883 ex
1228 2861 1295 2883 una
1309 2853 1404 2891 parte
1420 2853 1452 2882 et
1467 2849 1674 2883 Gasbertum
1688 2849 1729 2880 de
1746 2849 1933 2884 Antenaco,
1952 2857 2043 2880 mon.
2059 2849 2206 2879 monast.
2222 2848 2445 2889 Moysiacen„

835 2907 916 2937 dicti
934 2907 1018 2943 ord„
1043 2907 1218 2937 Caturcen.
1241 2906 1301 2942 di.,
1321 2914 1363 2937 ex
1387 2905 1494 2936 altera
1516 2905 1612 2943 parte
1636 2902 1835 2943 quaestione,
1855 2910 2024 2942 causaque
2050 2910 2070 2933 a
2089 2901 2184 2942 Papa
2208 2902 2310 2934 Petro
2328 2911 2356 2933 s.
2375 2902 2448 2935 Ste-

834 2960 936 3000 phani
952 2960 985 2990 in
1003 2959 1221 2990 Caeliomonte
1238 2959 1351 2999 presb.
1368 2958 1473 2996 card„
1487 2958 1522 2989 S.
1538 2957 1580 2989 R.
1596 2957 1634 2988 E.
1653 2955 1944 2991 vicecancellario‚
1962 2955 2158 2993 commissa,
2173 2955 2285 2987 dictus
2298 2954 2445 2999 Gasber-

831 3015 888 3045 tus
907 3021 1102 3053 comparere
1128 3022 1194 3043 non
1211 3013 1343 3044 curavit
1350 3022 1359 3049 3
1381 3012 1539 3053 quocirca
1556 3011 1648 3042 idem
1665 3011 1770 3050 Papa,
1794 3018 1837 3041 ex
1853 3018 1892 3041 eo
1911 3009 2002 3049 quod
2018 3009 2096 3041 data
2119 3009 2187 3040 litt.
2205 3010 2328 3049 apost„
2351 3008 2443 3041 dicto

832 3067 1019 3100 Guillelmo
1034 3075 1285 3103 concessarum,
1303 3066 1416 3097 datam
1431 3065 1498 3097 litt.
1515 3066 1624 3105 apost.
1644 3063 1760 3105 gratiae
1775 3063 1887 3104 ipsius
1901 3062 2060 3095 Gasberti
2073 3071 2134 3103 per
2149 3063 2289 3103 aliquod
2303 3064 2442 3103 tempus
