2592 3562
213 462 316 490 Datum
336 454 522 490 Avenione.

254 669 291 696 16
306 676 372 703 (109.
391 667 481 696 1324.

239 716 315 745 (xvn
335 711 394 739 kal.
412 710 500 746 sept.)

295 757 325 784 T.
346 756 440 783 XXVI.

328 932 364 960 Ut
376 941 400 960 3.

275 977 306 1006 T.
323 977 369 1013 XI,
385 976 456 1004 XIII.

328 1144 364 1173 Ut
384 1153 408 1172 s.

273 1189 304 1217 T.
322 1189 369 1222 XI,
384 1189 456 1216 XIII.

326 1410 362 1438 Ut
381 1419 405 1438 s.

268 1455 300 1483 T.
316 1455 375 1490 XII,
390 1455 461 1483 XIV.

327 1836 364 1865 Ut
377 1844 401 1864 3.

288 1881 319 1909 Τ.
341 1881 437 1909 XVIII.

330 2156 368 2184 Ut
385 2164 409 2184 s.

294 2201 326 2230 T.
343 2199 438 2229 xxvi.

325 2421 362 2450 Ut
376 2429 400 2448 s.

273 2466 305 2494 T.
325 2465 372 2499 XI,
390 2465 462 2493 XIII.

326 2686 363 2715 Ut
382 2695 407 2715 3.

277 2731 308 2759 Τ.
323 2731 371 2766 xl,
385 2730 456 2759 XIII.

256 2898 293 2926 17
310 2906 377 2934 auq.
395 2897 484 2926 4324.

248 2946 312 2979 (xvi
327 2943 387 2971 kal.
405 2942 494 2979 sept.)

278 2987 309 3016 T.
326 2987 371 3020 xl,
389 2987 461 3016 xm.

575 367 748 400 JOANNIS
771 367 890 398 PAPAE
911 365 1013 397 XXII.
1037 367 1286 407 (1316-1334).
1310 383 1348 389 -—
1370 367 1558 398 LITTERAE
1581 367 1806 399 COMMUNES
2150 371 2207 401 179

609 567 749 590 3001010
771 558 878 596 civit,
905 558 949 588 di.
968 559 1000 589 et
1017 557 1211 597 provinciae,
1239 567 1275 589 ac
1300 560 1493 590 sanctorum
1516 561 1710 592 earumdem
1729 562 1808 592 eccl.
1833 563 2062 602 patronorum.
2080 563 2133 604 (A.
2153 565 2203 601 21,

609 612 633 643 f.
649 613 710 644 200
722 611 753 648 1‘;
770 611 804 642 V.
824 614 873 647 77,
890 620 942 650 ep.
965 610 1070 650 1695.)

653 662 789 693 20121.
810 682 849 686 -
866 663 946 704 May.
963 663 1123 694 Friderico
1140 663 1174 694 de
1194 663 1358 702 θήοιιυίεο,
1376 665 1419 695 D.
1441 665 1495 702 D..
1519 674 1591 696 can.
1611 666 1689 698 eccl.
1712 667 1899 706 Patavien.,
1921 668 1961 700 de
1978 669 2089 708 presb.
2107 671 2139 701 et
2154 678 2206 701 so-

608 718 681 749 luta
698 715 822 758 genito,
841 717 991 756 dispens.
1021 725 1122 755 super
1147 717 1278 747 defectu
1305 717 1468 748 natalium
1492 719 1529 748 01
1551 719 1694 750 dimissa
1712 720 1845 758 paroch.
1871 721 1950 751 0001.
1972 721 2008 752 10
2031 722 2204 762 W'eyten.,

608 771 781 802 Patavien.
804 771 863 805 di.,
881 779 954 810 quae
974 770 1088 809 vigore
1111 770 1252 800 alterius
1275 770 1425 809 dispens.
1447 770 1604 808 obtinuit,
1633 772 1735 802 aliam
1757 773 1891 812 paroch.
1917 774 2010 812 0001.,
2032 784 2105 814 quae
2130 784 2206 806 cum

608 824 682 855 suis
702 833 820 855 canon.
837 825 869 854 et
886 823 988 863 praeb.
1012 824 1070 854 100
1085 823 1211 853 march.
1238 831 1306 862 arg.
1326 823 1478 854 valorem
1500 832 1648 854 annuum
1674 825 1827 865 attingat,
1848 826 1953 857 libere
1979 828 2128 867 recipere
2151 837 2204 859 va-

608 877 686 909 1001.
702 877 756 917 (Α.
773 878 823 914 21,
842 877 864 907 f.
879 878 938 908 233
953 882 981 913 ³3
1006 876 1039 906 V.
1058 878 1108 913 77,
1127 884 1179 915 ep.
1199 875 1304 915 1724.)

653 927 790 960 20122.
808 948 844 953 -
863 928 1064 960 Gundissalvo
1083 928 1237 966 Roda-ici,
1251 929 1331 960 cler.
1351 929 1485 960 Alt'onsi
1503 930 1591 969 regis
1609 930 1764 962 Castellae
1789 932 1947 971 supplic„
1968 942 2062 972 prov.
2087 943 2204 965 canon.

608 983 672 1015 sub
688 992 783 1022 exsp.
802 982 903 1023 praeb.
922 991 996 1013 cum
1017 982 1260 1022 praestimoniis
1276 982 1356 1013 eccl.
1372 982 1546 1018 Toletan.;
1563 992 1628 1013 non
1647 983 1734 1013 obst.
1752 984 1786 1014 in
1806 984 1886 1015 eccl.
1902 985 2046 1025 Burgen.
2064 986 2206 1017 dimidia

608 1037 774 1076 portione.
791 1053 830 1059 -
844 1037 870 1067 I.
889 1045 918 1066 e.
935 1045 979 1066 m.
998 1035 1129 1075 majori,
1147 1037 1179 1066 et
1199 1035 1240 1066 de
1263 1035 1421 1066 Arevallo
1439 1035 1598 1073 Abulen.,
1618 1045 1655 1066 00
1679 1036 1719 1067 (10
1740 1037 1840 1077 Maya
1859 1037 2025 1069 Conchen.
2045 1039 2206 1071 archid.is

609 1090 691 1121 eccl.
710 1090 761 1129 (A.
778 1091 828 1124 21,
848 1089 869 1119 f.
889 1089 995 1124 276h;
1017 1089 1052 1119 V.
1073 1091 1123 1125 77,
1140 1097 1192 1127 ep.
1217 1088 1321 1128 1742.)

653 1140 789 1172 20123.
808 1160 846 1165 -
862 1142 996 1173 Henrico
1011 1141 1092 1172 dicto
1118 1141 1226 1172 Wisler
1243 1150 1336 1182 prov.
1362 1150 1479 1173 canon.
1499 1141 1562 1172 sub
1581 1151 1675 1182 exsp.
1698 1142 1801 1182 praeb.
1825 1144 1905 1174 0001.
1925 1145 2120 1181 Patavien.;
2141 1154 2207 1177 non

607 1195 696 1227 obst.
718 1204 837 1227 canon.
855 1197 887 1226 et
909 1195 1011 1235 praeb.
1029 1195 1109 1226 eccl.
1129 1195 1299 1234 Otingen.,
1319 1203 1448 1226 necnon
1470 1195 1603 1234 paroch.
1623 1196 1703 1227 eccl.
1724 1196 1758 1226 in
1781 1196 1940 1235 Muldorf,
1967 1197 2205 1238 Salzeburgen.

608 1249 655 1280 di.
669 1266 707 1272 —
722 1249 748 1279 I.
766 1256 796 1280 e.
815 1258 860 1280 m.
876 1257 964 1288 mag.
982 1249 1104 1280 Joanni
1119 1248 1280 1287 Stephani
1303 1248 1343 1279 de
1371 1248 1573 1288 Columpna,
1599 1249 1724 1279 archid.
1748 1249 1935 1287 Vivarien.‚
1958 1250 2058 1290 Papae
2075 1253 2157 1288 not„
2174 1253 2207 1283 et

608 1302 736 1334 Karulo
762 1302 802 1333 de
826 1302 1025 1341 Ratispona,
1054 1301 1305 1341 Salzeburgen.‚
1332 1310 1369 1332 ac
1395 1301 1537 1333 Richero
1565 1302 1605 1332 de
1623 1301 1744 1338 Ahain,
1775 1303 1997 1343 Ratisponen.
2023 1313 2096 1335 can.
2125 1304 2204 1336 0001.

609 1355 729 1394 (Α.’21,
751 1355 772 1386 f.
790 1356 851 1386 280
864 1354 893 1391 b;
918 1354 949 1385 V.
973 1357 1022 1390 77,
1040 1363 1092 1395 ep.
1112 1356 1216 1393 1762.)

651 1405 790 1438 20124.
810 1425 846 1431 -
866 1407 1000 1438 Mar-tino
1016 1408 1146 1439 Joarmis
1168 1408 1205 1438 de
1224 1408 1396 1438 Benavenzo
1414 1408 1524 1448 gratia
1540 1417 1637 1448 exsp.
1655 1409 1745 1448 dign.
1763 1417 1823 1440 seu
1841 1411 2043 1449 personatus
2061 1419 2089 1441 c.
2107 1419 2134 1441 0.
2154 1410 2207 1442 vel

607 1471 635 1493 s.
655 1471 683 1493 c.
702 1471 778 1493 cum
793 1461 1037 1502 praestimoniis
1055 1461 1088 1492 in
1106 1461 1186 1492 eccl.
1207 1462 1348 1493 Oveten.
1367 1461 1464 1501 cujus
1480 1462 1598 1492 existit
1614 1471 1687 1492 can.
1710 1461 1875 1502 praeben.;
1895 1463 2023 1494 consid.
2042 1464 2207 1503 Alphonsi

607 1515 698 1555 regis
715 1514 886 1550 Caste11ae3
906 1523 971 1545 non
989 1514 1075 1545 obst.
1096 1514 1128 1544 in
1151 1514 1341 1545 Astoricen.
1359 1514 1549 1552 scolastria,
1572 1523 1673 1554 quam
1690 1515 1861 1547 dimittere
1875 1517 2021 1553 tenetur,
2040 1518 2073 1548 et
2089 1525 2205 1548 canon.

608 1577 685 1600 cum
702 1567 819 1608 praeb„
839 1576 876 1598 00
899 1568 932 1598 10
956 1567 1139 1599 Calciaten.
1158 1567 1238 1598 eccl.
1255 1567 1386 1607 integra
1406 1567 1571 1607 portione,
1592 1577 1719 1599 necnon
1736 1567 1893 1608 pluribus
1910 1569 2154 1609 praestimoniis
2171 1570 2207 1601 10

608 1622 763 1659 oveten„
781 1621 961 1658 Palentin„
982 1621 1211 1660 Calaguritan.
1228 1623 1260 1651 01
1278 1620 1459 1652 Calciaten.
1479 1621 1524 1651 di.
1545 1639 1583 1644 —
1597 1621 1625 1652 I.
1641 1630 1669 1652 e.
1688 1630 1733 1652 m.
1754 1621 1830 1652 abb.
1847 1621 1887 1653 de
1905 1623 2001 1662 Rupe
2018 1622 2094 1654 alba
2109 1624 2207 1654 Asto-

608 1675 726 1712 ricen.‚
748 1676 780 1706 et
801 1674 947 1706 Abulen.
971 1683 1008 1705 00
1029 1674 1070 1705 (10
1094 1674 1195 1714 Moya
1217 1673 1384 1705 Conchen.
1407 1673 1568 1705 archid.is
1591 1675 1671 1705 eccl.
1688 1692 1726 1697 —
1747 1675 1787 1705 In
1809 1674 1961 1715 margine
1983 1676 2207 1716 registrorum

608 1727 784 1760 amborum
807 1728 931 1767 legitur
958 1739 964 1758 z
989 1738 1004 1758 «
1027 1727 1204 1759 Cancellaea
1228 1727 1292 1767 fuit
1313 1727 1349 1758 de
1366 1726 1510 1758 mandato
1533 1727 1601 1757 dmi
1620 1728 1683 1768 ep.z'
1707 1727 1885 1758 Praenestin.
1912 1729 2163 1761 vicecancellarii.
2191 1740 2206 1761 )›

607 1781 660 1822 (A.
677 1783 728 1817 21,
744 1781 767 1812 f.
786 1783 844 1812 237
857 1781 885 1818 ¹³;
910 1780 942 1811 V.
965 1783 1015 1818 77,
1033 1790 1084 1821 ep.
1102 1780 1208 1821 1767.)

651 1832 790 1864 20125.
807 1852 846 1857 -
863 1835 947 1875 Epo
968 1834 1102 1875 Burqen.
1124 1834 1236 1865 mand.
1253 1835 1290 1865 ut
1304 1833 1442 1865 obtentu
1458 1834 1626 1874 Alphonsi
1643 1835 1732 1874 regis
1747 1835 1903 1867 Castellae
1918 1836 2093 1875 dispenset
2110 1845 2142 1868 n.
2160 1846 2205 1868 m.

606 1888 772 1920 Joannam
789 1888 918 1919 Garsiae
932 1888 971 1919 de
988 1887 1157 1924 Vellasco,
1178 1888 1323 1926 Burgen.
1343 1887 1401 1924 di.,
1424 1888 1472 1924 ut,
1497 1896 1563 1918 non
1579 1888 1666 1919 obst.
1686 1889 1776 1928 quod
1794 1888 1904 1920 calore
1919 1889 2101 1921 iracundiae
2120 1899 2208 1922 com-

608 1942 699 1973 mota
713 1950 754 1972 ex
773 1950 811 1972 eo
828 1941 918 1980 quod
932 1941 1088 1972 Sanciam
1110 1940 1240 1972 Garsiae
1257 1949 1408 1972 sororem
1425 1949 1534 1978 suam,
1558 1943 1635 1980 post
1653 1942 1834 1972 tractatum
1857 1942 2005 1973 matrim.
2023 1952 2099 1974 cum
2120 1952 2152 1974 n.
2175 1953 2205 1974 v.

608 1995 703 2035 Lupo
716 1994 835 2025 Didaci
851 1994 890 2024 de
907 1994 1022 2034 Rojas,
1039 1993 1079 2024 ab
1096 1993 1170 2025 eod.
1188 1994 1283 2033 Lupo
1300 2002 1363 2025 non
1381 1994 1550 2025 modicum
1569 1994 1772 2034 vilipensam
1785 1995 1933 2033 videbat,
1951 2004 2018 2026 una
2033 2005 2108 2027 cum
2121 1996 2209 2028 dicta

608 2056 724 2080 sorore
738 2056 800 2078 sua
816 2047 909 2078 vovit
924 2056 960 2078 se
977 2047 1178 2087 religionem
1200 2047 1350 2087 aliquam
1366 2047 1610 2087 ingressuram,
1627 2048 1775 2078 matrim.
1792 2057 1869 2079 cum
1883 2048 1996 2088 aliquo
2014 2049 2087 2080 viro
2101 2049 2207 2082 libere

608 2101 805 2133 contrahere
821 2101 941 2132 valeat.
960 2101 1013 2140 (A.
1029 2102 1079 2135 23,
1097 2100 1119 2131 f.
1134 2101 1194 2132 349
1209 2100 1240 2138 b;
1266 2100 1301 2130 V.
1319 2102 1368 2138 77,
1386 2109 1439 2140 ep.
1458 2102 1562 2139 1982.)

655 2151 790 2191 20126.
810 2171 848 2176 -
866 2153 941 2185 Eid.
959 2154 1072 2185 mand.
1092 2154 1129 2184 ut
1149 2153 1278 2185 consid.
1300 2153 1432 2193 praefati
1453 2154 1543 2194 regis
1565 2154 1741 2193 dispenset
1758 2163 1791 2185 n.
1814 2163 1847 2185 v.
1869 2155 2004 2195 Lupum
2025 2156 2145 2187 Didaci
2169 2157 2209 2188 de

610 2208 714 2248 Rojas
729 2210 761 2239 et
778 2216 811 2238 n.
828 2216 873 2238 m.
893 2207 1061 2243 Sauriam,
1079 2215 1231 2238 sororem
1250 2207 1452 2246 supradictae
1472 2207 1621 2244 Joannae,
1643 2209 1680 2238 ut
1697 2207 1845 2238 matrim.
1863 2208 2058 2240 contrahere
2075 2209 2209 2241 valeant

609 2269 676 2293 non
692 2261 779 2292 obst.
804 2265 851 2291 1v⁰
876 2260 1095 2300 consanguin.
1119 2260 1238 2300 gradu,
1266 2261 1298 2291 et
1323 2261 1400 2291 voto
1418 2260 1629 2300 ingrediendi
1654 2260 1854 2300 religionem
1871 2261 1912 2292 ab
1936 2261 2020 2292 eisd.
2039 2262 2160 2294 Saucia
2176 2264 2209 2294 et

608 2315 741 2346 Joanna
758 2314 884 2345 emisso
912 2322 988 2344 cum
1013 2314 1174 2353 praefatus
1201 2314 1318 2353 Lupus
1346 2313 1495 2344 matrim.
1518 2313 1725 2353 hujusmodi,
1749 2314 1791 2344 ad
1817 2314 1984 2345 sedandas
2011 2315 2208 2347 inimicitias

605 2367 737 2408 jamdiu
751 2368 944 2404 tractatum,
963 2367 1159 2398 contrahere
1175 2367 1415 2398 contemneret.
1432 2367 1484 2407 (A.
1503 2368 1553 2403 23,
1572 2366 1594 2397 f.
1615 2368 1674 2398 349
1689 2366 1718 2403 ὓς
1739 2366 1771 2396 V.
1787 2369 1837 2405 77,
1856 2376 1907 2407 ep.
1926 2369 2004 2399 1983
2020 2370 2029 2407 )

654 2418 791 2450 20127.
819 2437 857 2442 -
884 2420 976 2450 Petro
991 2419 1145 2461 Stephani
1167 2420 1280 2451 collat.
1302 2428 1419 2466 canon.
1441 2419 1504 2451 sub
1522 2428 1618 2459 exsp.
1645 2420 1747 2459 praeb.
1773 2429 1849 2451 cum
1868 2421 2109 2460 praestimoniis
2127 2422 2206 2453 eccl.

608 2474 798 2511 Palentin.;
815 2482 881 2505 non
903 2473 989 2504 obst.
1009 2473 1043 2504 in
1066 2473 1140 2504 ead.
1161 2473 1291 2513 integra
1307 2473 1391 2504 etin
1412 2473 1556 2513 Burgen.
1583 2473 1725 2504 dimidia
1749 2473 1974 2513 portionibus,
1995 2474 2030 2505 in
2045 2475 2133 2506 dicta
2148 2476 2207 2506 Pa-

609 2527 727 2559 lentin.
750 2527 896 2567 quodam
922 2526 1152 2566 praestimonio
1170 2526 1211 2557 de
1224 2525 1473 2561 Doubelmudo,
1491 2526 1574 2558 etin
1600 2526 1829 2566 Calaguritan.
1852 2526 1916 2557 sub
1936 2535 2031 2566 exsp.
2049 2528 2151 2567 praeb.
2176 2530 2208 2560 01

609 2580 714 2621 dign„
730 2580 820 2612 acin
842 2580 883 2611 de
898 2580 1088 2617 1301013003,
1115 2580 1259 2620 Burgen.
1282 2579 1341 2616 di.,
1359 2579 1440 2610 eccl.
1462 2587 1580 2610 canon.
1599 2597 1635 2601 —
1650 2579 1676 2610 I.
1697 2588 1725 2610 e.
1744 2588 1788 2610 m.
1813 2579 1971 2617 Abulen.,
1994 2582 2027 2611 et
2052 2581 2091 2611 (10
2115 2581 2209 2612 Meza

609 2633 777 2667 Conchen.
794 2633 967 2670 archid.is‚
986 2642 1023 2664 ac
1037 2633 1172 2664 scolast.
1191 2633 1381 2664 Astoricen.
1396 2632 1476 2663 0001.
1494 2632 1547 2672 (A.
1565 2633 1615 2669 23,
1635 2632 1658 2663 f.
1673 2634 1732 2664 350
1747 2637 1776 2669 ⁸3
1795 2632 1830 2664 V.
1850 2633 1899 2670 77,
1915 2641 1967 2672 ep.
1985 2634 2090 2674 1981.)

655 2684 790 2716 20128.
807 2704 845 2710 —
864 2686 955 2716 Petro
974 2685 1130 2717 Fernandi
1146 2685 1182 2716 de
1201 2684 1340 2717 Vilalone
1356 2685 1482 2716 similis
1496 2685 1606 2725 gratia
1622 2685 1658 2716 in
1672 2685 1751 2717 eccl.
1771 2685 1951 2725 Legionen.
1960 2695 1970 2722 5
1989 2694 2055 2717 non
2075 2685 2162 2718 obst.
2173 2686 2208 2717 in

610 2740 692 2773 eccl.
709 2739 880 2772 Fusellen.
899 2748 1016 2771 canon.
1035 2741 1068 2770 01
1085 2739 1203 2779 praeb.,
1220 2748 1258 2770 ac
1275 2738 1356 2770 eccl.
1379 2747 1407 2769 c.
1425 2747 1452 2769 c.
1471 2747 1499 2769 s.
1519 2738 1648 2769 Juliani
1664 2739 1704 2769 de
1721 2739 1887 2770 Tornetos
1903 2740 1936 2769 et
1955 2739 2100 2778 quadam
2112 2747 2205 2779 perp.

610 2793 765 2834 portione
786 2793 822 2824 in
848 2793 927 2824 0001.
948 2793 989 2824 (10
1011 2792 1194 2829 Villalone,
1222 2801 1295 2831 quae
1320 2791 1431 2831 portio
1451 2791 1703 2831 patrimonialis
1727 2792 1951 2831 nuncupatur,
1978 2791 2147 2823 Palentin.
2175 2794 2207 2824 et

610 2846 793 2887 Legionen.
809 2846 854 2877 di.
872 2863 911 2868 —
924 2846 950 2877 I.
968 2854 997 2877 e.
1015 2854 1060 2876 m.
1079 2847 1115 2876 ut
1129 2854 1157 2876 s.
1174 2846 1226 2883 (A.
1242 2846 1293 2882 23,
1315 2845 1336 2875 f.
1354 2846 1409 2876 351
1430 2849 1459 2881 ⁸3
1483 2843 1515 2876 V.
1533 2846 1584 2882 77,
1603 2853 1655 2884 ep.
1674 2844 1780 2884 1985.)

656 2896 791 2929 20129.
813 2916 850 2922 -
868 2899 1001 2929 Henrico
1016 2898 1131 2939 Sayler
1147 2898 1182 2929 de
1197 2897 1410 2938 St'ndelfinqen
1434 2906 1528 2938 prov.
1545 2906 1663 2929 canon.
1682 2897 1744 2928 sub
1760 2905 1854 2936 exsp.
1871 2896 1973 2936 praeb.
1989 2897 2069 2928 eccl.
2084 2906 2110 2928 s.
2127 2898 2204 2930 Gui-

611 2953 710 2985 donis
726 2953 858 2992 Spiren.
873 2969 909 2974 —
922 2953 947 2983 I.
962 2960 991 2983 0.
1009 2960 1053 2983 m.
1066 2952 1100 2982 in
1116 2951 1294 2983 Swarzach
1310 2952 1343 2982 et
1359 2951 1393 2981 10
1406 2950 1481 2982 Sels
1493 2952 1636 2981 monast.
1653 2949 1741 2988 abb„
1759 2958 1796 2980 ac
1809 2949 1952 2989 archipr.
1969 2949 2049 2981 0001.
2066 2958 2093 2980 3.
2107 2950 2204 2982 Joan·

611 3005 667 3038 nis
681 3006 722 3038 (10
739 3005 918 3042 Modoetia‚
937 3004 1111 3045 Argentin.
1128 3006 1161 3036 et
1178 3003 1403 3036 Mediolanen.
1418 3003 1464 3034 di.
1480 3003 1534 3043 (A.
1548 3004 1597 3040 21,
1615 3002 1638 3033 f.
1660 3004 1716 3034 196
1732 3007 1764 3038 ·;
1787 3001 1822 3033 V.
1838 3003 1887 3039 77,
1903 3010 1955 3041 ep.
1974 3002 2077 3042 1641.)
