2592 3562
221 452 326 480 Datum
342 447 524 481 Avenione.

224 555 239 580 Ι
258 553 341 590 (kal.)
355 561 416 590 apr.
433 553 520 582 4324.

306 598 337 625 Τ.
357 598 436 626 Lxx.

330 819 367 847 Ut
383 828 407 847 s.

312 864 343 892 T.
359 864 418 891 XII.

328 927 365 955 Ut
382 935 406 955 s,

312 971 343 999 T.
362 972 420 999 XII.

327 1034 365 1062 Ut
381 1042 404 1062 s.

314 1078 345 1106 T.
363 1078 422 1106 XII.

325 1140 361 1168 Ut
381 1149 404 1168 s.

303 1184 334 1212 T.
355 1185 426 1212 XVI.

327 1246 364 1275 Ut
383 1255 407 1275 s.

309 1290 340 1318 T.
359 1291 418 1318 XII.

323 1406 358 1434 Ut
378 1415 402 1434 s.

305 1450 335 1477 T.
353 1451 409 1478 XX.

324 1513 361 1541 Ut
374 1522 397 1541 s.

267 1557 297 1584 T.
316 1557 385 1593 LVI,
402 1558 456 1586 LX.

324 1726 360 1754 Ut
380 1735 403 1755 s.

235 1770 265 1798 T.
286 1771 382 1806 XXIV,
397 1772 491 1801 XXVI.

321 2260 357 2288 Ut
376 2269 400 2289 s.

269 2304 300 2332 T.
316 2305 363 2339 XI,
379 2306 450 2334 XIII.

323 2474 358 2502 Ut
375 2483 398 2502 s.

270 2518 301 2546 T.
318 2519 364 2553 xl,
380 2519 451 2548 XIII.

320 2742 356 2771 Ut
375 2752 400 2773 ε.

270 2785 301 2815 Τ.
318 2788 363 2819 xl.
377 2788 450 2816 xlll.

323 2903 359 2932 Ut
372 2912 395 2932 ε.

268 2946 299 2974 Τ.
319 2948 365 2982 XI,
385 2948 456 2977 XIII.

584 362 757 394 JOANNIS
780 363 898 394 PAPAE
921 364 1022 394 XXII.
1047 366 1297 405 (1316-1334).
1320 383 1359 388 —
1381 366 1567 396 LITTERAE
1590 366 1814 397 COMMUNES
2158 368 2213 398 101

663 550 796 582 19245.
821 571 860 576 -
881 553 974 584 Petro
994 553 1062 585 abb.
1087 560 1216 585 monast.
1238 554 1433 593 Cluniaeen„
1456 556 1655 587 Matisconen.
1679 556 1734 594 di.,
1755 566 1846 588 conc.
1869 557 1969 589 facul.
1996 558 2214 590 contrahendi

617 606 710 638 aliud
723 608 878 638 mutuum
893 615 1001 647 usque
1019 607 1061 638 ad
1077 616 1246 638 summam
1261 609 1355 640 4.000
1369 609 1442 640 ssor.
1464 609 1538 640 auri
1561 618 1621 649 pro
1637 610 1710 640 suis
1727 611 1929 641 necessariis
1951 611 1984 642 et
1999 611 2052 642 sui
2068 613 2211 643 monast.

615 660 761 700 negotiis
784 669 837 699 ap.
853 659 887 691 S.
905 661 946 691 A.
964 660 1198 700 expediendis,
1222 670 1299 692 cum
1315 670 1456 692 summae
1471 663 1565 694 9.000
1588 664 1620 693 et
1636 664 1728 694 7.000
1751 663 1825 694 flor.
1848 664 1933 699 auri,
1950 664 1990 695 de
2003 664 2126 704 quibus
2139 674 2213 696 con-

615 713 770 745 trahendi
787 714 905 744 mutua
920 713 988 753 ipsi
1005 714 1099 753 Papa
1110 714 1179 753 jam
1203 714 1371 745 concessit
1391 714 1505 752 facul„
1524 715 1566 746 ad
1583 716 1618 746 id
1639 724 1707 746 non
1729 715 1910 747 sufficiant.
1926 717 1977 755 (A.
1999 719 2048 755 20,
2068 717 2090 749 f.
2105 720 2165 750 464
2181 723 2212 756 ³3

620 766 656 798 V.
672 769 721 801 76,
737 775 789 806 ep.
802 767 862 798 903
876 766 930 807 Β.)

660 816 792 849 19246.
818 837 857 842 -
881 819 1043 850 Guillelmo
1061 830 1130 860 ep.o
1154 819 1290 861 Melfien.
1313 820 1563 852 testimoniales
1588 823 1773 852 consecrat.
1791 823 1823 853 et
1841 822 1978 854 licentia
2002 824 2179 855 recedendi
2196 834 2213 856 c

613 873 717 905 curia.
733 873 787 914 (A.
805 874 855 910 20,
871 873 894 904 f.
912 876 971 905 471
988 873 1022 909 ¹³,
1046 873 1082 905 V.
1101 875 1150 910 76,
1165 882 1217 913 ep.
1233 873 1320 913 938.)
1629 869 1632 872 ’

659 923 792 955 19247.
811 926 957 957 —Petro
975 937 1045 968 ep.o
1064 926 1284 958 Carcassonen.
1312 927 1433 958 indult.
1457 927 1650 958 celebrandi
1672 928 1815 959 missam
1838 931 2017 968 antequam
2039 930 2112 961 dies
2136 931 2212 962 illu-

613 981 733 1011 cescat.
751 979 805 1020 (A.
823 981 873 1018 20,
894 980 917 1011 f.
933 982 993 1012 475
1010 986 1040 1018 ⁸;
1065 980 1098 1012 V.
1113 982 1163 1018 76,
1182 990 1234 1020 ep.
1253 981 1338 1020 981.)

659 1030 794 1063 19248.
812 1051 851 1056 -
867 1033 941 1065 Eid.
960 1034 1082 1065 indult.
1102 1034 1250 1074 eligendi
1268 1034 1510 1066 confessorem.
1526 1034 1579 1073 (A.
1597 1035 1646 1072 20,
1666 1034 1689 1065 f.
1704 1036 1764 1066 475
1782 1040 1810 1071 ⁸,
1833 1035 1868 1066 V.
1887 1037 1937 1073 76,
1955 1044 2006 1075 ep.
2021 1037 2106 1076 982.)

658 1137 791 1169 19249.
810 1158 848 1163 -
864 1140 941 1171 Eid.
962 1140 1063 1172 facul.
1090 1141 1332 1172 reconciliandi
1357 1149 1417 1180 per
1441 1140 1547 1172 alium
1573 1141 1654 1172 eccl.
1681 1144 1713 1172 et
1735 1141 1903 1172 cimiteria
1926 1141 2052 1173 violata
2073 1150 2211 1173 suarum

613 1193 703 1225 civit.
721 1197 754 1225 et
769 1194 816 1225 di.
834 1194 888 1235 (A.
901 1195 951 1231 20,
969 1194 992 1226 f.
1008 1195 1068 1226 475
1082 1199 1110 1230 ²²3
1133 1194 1168 1226 V.
1187 1196 1238 1230 76,
1257 1203 1309 1234 ep.
1326 1194 1412 1234 983.)

658 1244 793 1276 19250.
814 1263 850 1269 -
873 1247 955 1278 Idem
973 1257 1058 1288 ep.us
1074 1247 1262 1279 absolvitur
1278 1256 1297 1279 a
1309 1247 1500 1288 juramento
1515 1247 1678 1278 visitandi
1692 1247 1924 1287 apostolorum
1936 1248 2057 1279 limina
2068 1248 2212 1289 singulis

611 1299 771 1337 bienniis,
788 1309 863 1332 cum
877 1301 958 1332 eccl.
977 1301 1220 1332 Carcassonen.
1236 1310 1304 1332 non
1327 1301 1372 1332 sit
1390 1302 1560 1340 exempta,
1578 1301 1637 1332 sed
1653 1301 1823 1340 archiep.o
1843 1301 2037 1332 Narbonen.
2051 1301 2126 1341 jure
2145 1310 2211 1333 me-

610 1354 804 1394 tropolitico
822 1354 984 1394 subiecta.
1002 1354 1053 1394 (A.
1072 1356 1122 1392 20,
1141 1354 1165 1385 f.
1183 1356 1244 1386 475
1261 1360 1290 1391 ²,-
1315 1354 1348 1385 V.
1366 1356 1415 1391 76,
1435 1363 1487 1394 ep.
1509 1355 1597 1394 984.)

656 1405 793 1438 19251.
812 1425 850 1431 -
866 1407 978 1439 Eidem
993 1417 1085 1439 conc.
1103 1408 1242 1439 licentia
1256 1408 1415 1439 testandi.
1432 1408 1485 1448 (A.
1498 1409 1549 1445 20,
1565 1407 1588 1438 f.
1605 1409 1664 1439 475
1682 1407 1710 1443 b,
1735 1408 1771 1439 V.
1792 1410 1841 1446 76,
1863 1416 1914 1448 ep.
1931 1408 2018 1448 985.)

655 1512 788 1544 19252.
809 1533 848 1538 -
863 1515 976 1546 Eidem
993 1524 1085 1547 conc.
1102 1515 1202 1546 facul.
1228 1514 1367 1554 petendi
1383 1515 1416 1545 et
1441 1514 1628 1554 recipiendi
1645 1514 1859 1545 moderatum
1874 1514 2067 1546 subsidium
2084 1524 2103 1546 a
2119 1523 2210 1555 pers.

610 1568 799 1600 ecclesiast.
817 1577 958 1600 suarum
975 1568 1067 1600 civit.
1087 1570 1120 1600 et
1135 1569 1195 1605 di.,
1212 1577 1273 1608 pro
1299 1567 1506 1599 relevatione
1521 1576 1750 1607 expensarum
1768 1576 1853 1607 quas
1869 1568 1904 1599 in
1920 1568 2133 1608 promotione
2149 1577 2211 1600 sua

610 1621 726 1653 subiit.
744 1641 781 1645 —
799 1622 824 1653 Ι.
842 1631 870 1654 e.
887 1631 932 1653 m.
952 1631 1028 1662 ep.o
1044 1622 1273 1659 Lemovicen.‚
1292 1623 1324 1653 et
1348 1630 1452 1661 praep.
1472 1621 1696 1661 Magalonem,
1717 1629 1754 1652 ac
1770 1620 1915 1660 archipr.
1933 1621 2058 1653 minori
2073 1621 2208 1653 Carcas-

609 1683 726 1707 sonen.
748 1676 828 1707 eccl.
847 1675 899 1716 (A.
913 1677 963 1712 20,
981 1675 1003 1707 f.
1021 1676 1080 1707 475
1098 1675 1130 1711 ὓς
1150 1675 1186 1706 V.
1203 1677 1253 1712 76,
1271 1683 1323 1714 ep.
1342 1674 1430 1715 986.)

655 1726 789 1758 19253.
817 1747 855 1752 --
887 1728 1000 1759 Eidem
1022 1729 1187 1768 indulget.
1218 1729 1254 1759 ut
1281 1737 1314 1758 ιν
1338 1728 1417 1759 cler.
1444 1727 1511 1765 sui,
1539 1728 1612 1759 suis
1637 1726 1812 1767 obsequiis
1842 1727 2052 1764 insistentes,
2079 1727 2210 1759 fructus

607 1782 718 1814 benef.
736 1791 878 1814 suorum
897 1782 1027 1822 integre
1044 1782 1246 1822 percipiant.
1269 1799 1309 1804 —
1328 1781 1355 1812 I.
1372 1790 1401 1812 e.
1419 1790 1464 1812 m.
1484 1781 1744 1821 Rothomagen.‚
1769 1782 1801 1812 et
1820 1781 2032 1812 Xanctonen.
2055 1781 2207 1817 decanis,

607 1845 645 1868 ac
662 1836 811 1868 Geraldo
830 1836 870 1867 de
890 1835 973 1867 Lalo
1000 1844 1073 1867 can.
1097 1834 1349 1866 claromonten.
1374 1835 1469 1870 eccl,
1496 1834 1598 1874 Papae
1622 1843 1695 1874 cap.
1718 1834 1769 1874 (A.
1790 1835 1839 1871 20,
1865 1834 1888 1865 f.
1913 1835 1973 1866 510
1986 1839 2014 1871 3;
2038 1833 2070 1865 V.
2088 1836 2138 1872 76,
2156 1843 2208 1874 ep.

606 1891 691 1929 987.)

654 1940 788 1973 19254.
811 1944 849 1966 -“
868 1943 954 1984 Ep.o
968 1943 1166 1983 Mirapiscen.
1185 1942 1297 1973 mand.
1316 1942 1354 1972 ut
1370 1941 1538 1981 compleat
1555 1940 1814 1980 inquisitionem
1829 1940 1980 1972 habitam
1994 1941 2033 1972 de
2049 1941 2210 1973 distantia

607 1997 688 2029 eccl.
705 1997 953 2037 Appamiarum
973 2005 993 2028 a
1009 1996 1146 2028 civitate
1166 1995 1424 2035 Appamiarum,
1444 2003 1463 2026 a
1478 2003 1545 2034 qua
1560 1994 1652 2025 cives
1671 1994 1754 2026 adeo
1771 1994 1897 2026 distare
1913 1996 2070 2026 asserunt
2085 1995 2122 2026 ut
2137 2003 2208 2034 gra·

606 2052 662 2083 via
682 2051 769 2091 ipsis
789 2050 943 2090 pericula
966 2059 1028 2090 pro
1045 2049 1253 2089 recipiendis
1279 2048 1502 2080 sacramentis
1524 2047 1740 2084 incumbant;
1759 2057 1863 2088 quare
1882 2047 2157 2088 supplicaverant
2172 2049 2210 2079 ut

607 2105 694 2145 ipsis
713 2105 831 2136 liceret
848 2104 883 2135 in
897 2103 1029 2135 duabus
1044 2103 1180 2143 paroch.
1196 2102 1290 2138 eccl„
1307 2102 1467 2133 videlicet
1482 2102 1522 2132 de
1540 2101 1668 2141 Campo
1686 2102 1719 2132 et
1743 2101 1783 2132 de
1805 2101 1990 2138 Mercatali‚
2007 2102 2080 2132 ead.
2098 2110 2208 2133 sacra-

607 2159 722 2190 menta
736 2158 898 2197 recipere,
915 2157 975 2189 sed
991 2165 1069 2188 cum
1082 2156 1177 2196 Papa
1191 2155 1365 2196 inquirere
1383 2164 1485 2195 super
1501 2155 1563 2186 hoc
1584 2154 1828 2190 mandavisset,
1846 2155 1946 2194 capit.
1963 2154 2209 2194 Appamiarum

608 2213 650 2244 ad
665 2212 699 2244 S.
718 2213 758 2243 A.
775 2211 817 2243 ab
831 2211 1027 2251 hujusmodi
1043 2210 1265 2250 inquisitione
1284 2209 1552 2249 appellaverunt.
1573 2209 1622 2247 (A.
1642 2209 1692 2246 20,
1709 2208 1732 2239 f.
1751 2209 1810 2239 484
1827 2213 1858 2245 ⁸3
1879 2207 1912 2238 V.
1931 2210 1982 2245 77,
1995 2217 2048 2248 ep.
2064 2208 2168 2248 1044.)

654 2262 790 2295 19255.
806 2283 844 2287 -
861 2264 1023 2296 Ber-nardo
1037 2263 1172 2297 Draosii.
1193 2263 1273 2294 cler.
1292 2262 1492 2298 Florentin.,
1515 2261 1623 2302 gratia
1639 2270 1736 2301 exsp.
1758 2261 1868 2292 benef.
1887 2270 1914 2292 c.
1932 2270 1960 2292 c.
1979 2262 2034 2292 vel
2052 2270 2081 2292 s.
2097 2270 2138 2297 ο..
2157 2262 2209 2300 (30

606 2328 683 2350 unc.
698 2318 798 2358 auri),
815 2319 851 2349 in
868 2318 961 2349 civit.
985 2317 1039 2349 vel
1056 2317 1102 2349 di.
1122 2317 1280 2353 Tranen.,
1303 2316 1427 2356 pertin.
1459 2315 1501 2346 ad
1523 2315 1636 2347 collat.
1670 2315 1832 2354 archiep.i
1850 2315 1996 2346 Tranen.
2014 2332 2053 2337 -
2070 2315 2096 2346 Ι.
2114 2323 2143 2346 e.
2161 2323 2206 2346 m.

607 2381 684 2413 ep.o
698 2372 885 2409 Botontin.,
906 2373 939 2403 et
955 2370 1031 2403 abb.
1048 2371 1195 2402 monast.
1213 2379 1241 2401 s.
1254 2369 1408 2401 Severini
1426 2369 1656 2409 Neapolitan.‚
1673 2377 1711 2399 ac
1726 2377 1813 2408 mag.
1826 2368 2010 2400 Guillelmo
2026 2368 2066 2399 de
2083 2377 2111 2399 s.
2129 2368 2207 2399 Vic-

605 2427 679 2458 tore
691 2434 794 2466 praep.
812 2425 892 2457 eccl.
911 2434 939 2456 s.
954 2424 1049 2456 Petri
1062 2424 1102 2455 de
1118 2424 1271 2458 Foresta,
1287 2423 1493 2463 Aquinaten.
1512 2422 1558 2453 di.
1575 2422 1629 2462 (A.
1646 2423 1695 2459 20,
1711 2422 1731 2453 f.
1745 2422 1805 2454 486
1821 2427 1852 2458 ει;
1874 2420 1906 2451 V.
1925 2423 1974 2459 77,
1991 2430 2043 2461 ep.
2062 2422 2167 2461 1060.)

653 2476 788 2508 19256.
805 2496 843 2502 -
861 2478 998 2509 Romano
1014 2477 1051 2509 de
1062 2477 1170 2514 Falco,
1185 2477 1265 2508 cler.
1285 2475 1515 2516 Neapolitan.‚
1536 2475 1644 2515 gratia
1656 2483 1753 2514 exsp.
1772 2474 1885 2506 benef.
1902 2483 1930 2505 c.
1949 2483 1977 2506 c.
1997 2474 2050 2505 vel
2066 2483 2093 2505 s.
2110 2483 2138 2505 c.
2156 2475 2207 2514 (20

606 2542 682 2565 unc.
702 2532 803 2573 auri),
822 2532 865 2564 ad
880 2531 1046 2572 archiep.i
1059 2531 1210 2571 Capuan.
1228 2530 1387 2570 disposit.
1407 2529 1544 2569 pertin„
1561 2529 1595 2559 in
1610 2529 1703 2560 civit.
1716 2528 1771 2559 vel
1786 2528 1831 2558 di.
1849 2528 1998 2567 Capuan.
2015 2544 2054 2549 -
2069 2528 2096 2559 Ι.
2113 2536 2141 2558 e.
2160 2536 2205 2558 m.

606 2586 682 2619 abb.
700 2587 846 2618 monast.
864 2594 892 2617 s.
911 2584 1066 2617 Severini
1083 2584 1313 2625 Neapolitan.‚
1334 2585 1366 2614 et
1383 2591 1470 2623 mag.
1495 2582 1681 2615 Guillelmo
1697 2582 1738 2613 de
1759 2590 1787 2612 s.
1810 2581 1960 2619 Victore,
1979 2590 2083 2621 praep.
2100 2590 2127 2612 s.
2143 2581 2207 2611 Pe-

605 2641 651 2672 tri
666 2640 706 2671 de
719 2640 872 2676 Foresta,
890 2639 1095 2679 Aquinaten.
1108 2638 1215 2676 di.,ac
1224 2638 1313 2670 Urso
1329 2636 1510 2672 Minutulo,
1527 2634 1826 2675 can.Neapolitan.
1842 2634 1922 2665 eccl.
1936 2634 2047 2674 (A.20,
2061 2633 2083 2664 f.
2096 2634 2156 2665 559
2174 2633 2187 2654 ¹³
2196 2643 2206 2670 ς

611 2694 648 2726 V.
663 2696 714 2730 77,
731 2703 783 2734 ep.
803 2693 907 2733 1071.)

652 2744 788 2777 19257.
806 2764 845 2769 -
863 2745 1025 2778 Guillolmo
1041 2745 1077 2776 de
1092 2745 1236 2777 Gieurino
1262 2752 1357 2784 prov.
1385 2751 1504 2774 canon.
1531 2742 1613 2774 eccl.
1636 2742 1821 2773 Nivernen.
1852 2740 1916 2772 sub
1933 2748 2028 2780 exsp.
2045 2739 2147 2779 praeb.
2168 2756 2203 2761 —

605 2802 632 2832 I.
651 2810 679 2833 e.
697 2809 742 2832 m.
762 2801 863 2832 Petro
881 2800 922 2832 de
940 2808 968 2831 s.
987 2798 1208 2840 Leodegari0‚
1238 2798 1422 2834 Turonen„
1446 2797 1478 2828 et
1499 2795 1642 2828 Nicolao
1663 2795 1703 2826 de
1731 2794 1891 2831 Condet0,
1911 2792 2142 2828 Aurelianen.,
2167 2800 2204 2822 ac

604 2854 728 2886 Joanni
741 2853 938 2889 Bouretelli,
955 2853 1128 2884 Pictaven.
1144 2860 1217 2884 can.
1235 2850 1315 2882 eccl.
1334 2850 1385 2890 (A.
1401 2851 1452 2887 20,
1473 2849 1497 2880 s.
1512 2849 1572 2880 495
1587 2854 1617 2885 ⁸;
1643 2848 1678 2879 V.
1695 2850 1744 2885 77,
1763 2856 1815 2887 ep.
1833 2845 1937 2885 1139.)

651 2904 787 2938 19258.
810 2925 845 2930 -
862 2907 981 2937 Joanni
992 2905 1085 2947 Lupi,
1105 2913 1200 2945 perp.
1219 2904 1347 2935 vicario
1365 2902 1506 2943 majoris
1522 2903 1554 2934 et
1570 2910 1642 2933 can.
1655 2900 1802 2940 praeben.
1817 2908 1845 2930 s.
1861 2898 2021 2930 Mederici
2035 2897 2202 2929 Parisien.

605 2962 699 2998 eccl„
717 2961 790 2992 ead.
810 2961 920 3001 gratia
934 2960 969 2991 in
981 2959 1062 2991 eccl.
1080 2967 1108 2990 s.
1126 2957 1307 2998 Gaugerici
1330 2957 1546 2988 Cameracen.
1568 2972 1605 2977 —
1620 2954 1646 2986 1.
1666 2962 1694 2985 e.
1715 2962 1761 2984 m.
1787 2953 1824 2984 ut
1848 2961 1874 2983 s.
1899 2951 1950 2991 (A.
1967 2952 2016 2986 20,
2041 2950 2064 2982 f.
2087 2952 2147 2982 495
2165 2950 2179 2972 b
2189 2959 2201 2988 3

610 3015 646 3046 V.
661 3017 711 3052 77,
728 3023 781 3055 ep.
802 3014 907 3054 1140.)
