2592 3562
358 322 418 353 448
775 313 949 347 JOANNIS
973 313 1092 345 PAPAE
1114 312 1216 344 XXII.
1241 313 1490 353 (iaie-1334).
1513 327 1552 334 —
1574 311 1763 343 LITTERAE
1786 310 1838 342 DE
1859 310 1985 343 CURIA

387 412 492 439 Datum
514 403 700 439 Avenione.

362 511 398 540 {0
417 511 460 547 (vi
480 510 533 544 id.)
556 511 624 538 maii
641 508 728 538 1325.
832 505 970 538 23125.
991 525 1028 531 —
1046 507 1221 539 Inhibetur
1240 507 1304 539 sub
1320 515 1451 539 excom.
1470 506 1641 539 sententia
1657 506 1732 547 ipso
1747 506 1835 538 facto
1862 506 2077 544 incurrenda,
2100 515 2120 539 a
2136 515 2203 548 qua
2218 506 2336 540 nullus
2349 507 2391 540 ab

787 561 855 593 alio
870 570 972 602 quam
992 569 1011 592 a
1026 569 1161 592 summo
1176 560 1340 592 Pontifice
1356 560 1466 601 possit
1481 559 1626 597 absolvi,
1645 568 1686 591 ne
1700 560 1778 600 quis
1793 559 1977 600 religiosus
1990 559 2120 600 absque
2137 560 2193 592 sui
2204 560 2393 601 superioris
2475 585 2479 588 .

789 614 927 646 licentia
943 614 985 646 ad
1001 615 1116 654 partes
1131 610 1395 646 Sarracenorum
1415 613 1469 645 vel
1491 613 1638 645 aliorum
1662 613 1853 645 infidelium
1869 621 1906 645 se
1923 613 2109 646 transferre
2123 613 2178 645 vel
2191 613 2227 645 in
2242 614 2294 647 eis
2310 622 2392 654 prae-
2458 607 2485 650 ,³5

787 667 900 699 dicare
916 669 1111 708 praesumat.
1126 666 1287 707 Sequitur
1303 666 1500 698 mandatum
1517 666 1667 707 praelatis
1691 665 1887 698 earumdem
1917 666 2069 707 partium
2092 668 2131 698 ut
2144 666 2260 699 taliter
2274 667 2395 708 praedi-

788 722 904 753 cantes
916 720 970 752 vel
986 721 1255 761 dogmatizantes
1273 720 1366 752 velut
1384 721 1557 760 apostatas
1586 719 1722 759 capiant
1748 720 1781 751 et
1805 719 1959 759 puniant.
1982 719 2035 760 (A.
2063 720 2114 756 22,
2133 719 2157 751 f.
2183 721 2224 752 49
2238 725 2266 759 ⁸5
2289 719 2325 752 V.
2341 721 2393 759 78,

787 783 840 814 ep.
862 775 891 812 3,
916 774 952 804 de
974 773 1082 811 curia3
1104 774 1235 814 Corpus
1259 773 1348 814 juris
1372 772 1536 808 canonici,
1566 771 1742 814 Extravaq.
1769 782 1890 810 comm„
1918 772 1979 804 lib.
2000 772 2062 811 111,
2080 773 2132 805 tit.
2153 773 2248 809 VIII,
2265 781 2339 814 cap.
2361 772 2396 806 11

788 837 804 858 «
825 826 877 859 Ad
890 831 1027 858 nostrum
1041 837 1139 868 nuper
1160 826 1309 858 relatio...
1330 836 1346 857 ))
1357 837 1366 864 ;
1393 826 1629 866 Cocquelines,
1645 825 1819 856 Bullarium
1844 825 2051 857 Romanorum
2073 826 2272 867 Pontificum,
2289 828 2315 859 t.
2331 825 2393 866 111,
2472 838 2476 853 ·-

788 889 868 922 pars
881 881 925 919 ΙΙ,
946 881 1018 912 doc.
1037 880 1233 918 XXXVIII,
1252 889 1285 920 p.
1305 882 1359 912 191
1376 888 1385 918 ;
1402 879 1523 915 Eubel,
1538 878 1714 910 Bullarium
1735 878 1986 918 Franciscanum,
2012 880 2037 911 t.
2055 880 2097 918 V,
2117 888 2150 920 p.
2167 880 2240 917 286,
2257 888 2291 912 n.
2308 879 2397 921 572.)

388 937 405 965 5
421 936 516 974 (non.)
527 937 595 972 Jun.
616 936 703 965 1325.
832 931 971 964 23126.
989 951 1028 956 —
1044 933 1084 964 Ν.
1101 944 1130 964 υ.
1156 933 1316 974 Stephano
1330 933 1473 974 principi
1491 932 1623 964 Bosnen.
1642 932 1830 964 hortatoria
1844 934 1882 964 ut
1897 933 1939 964 ad
1961 932 2221 973 requisitionem
2237 932 2395 972 Fabiani,
2466 926 2479 938 ⁵

788 987 826 1019 Ο.
844 988 882 1019 F.
901 988 960 1024 M„
977 987 1194 1028 inquisitoris
1217 986 1382 1018 haereticae
1398 986 1580 1026 pravitatis
1605 987 1639 1017 in
1662 985 1816 1026 partibus
1839 985 1913 1017 illis
1935 986 2023 1017 auct.
2047 987 2156 1026 apost.
2175 986 2341 1026 deputati,
2361 986 2396 1018 et
2458 1031 2461 1032 ⁷
2486 1014 2494 1031 f.

789 1041 935 1072 aliorum
954 1041 1199 1080 inquisitorum
1215 1040 1288 1072 ead.
1304 1041 1392 1072 auct.
1405 1040 1644 1080 deputatorum
1652 1039 1706 1071 vel
1717 1039 2003 1080 deputandorum,
2016 1039 2058 1071 ad
2070 1038 2308 1080 extirpandam
2323 1047 2394 1072 ma-
2496 1073 2497 1077 ,

789 1104 889 1136 gnam
906 1095 1140 1127 haereticorum
1155 1097 1337 1132 catervam,
1353 1095 1387 1127 in
1401 1095 1594 1136 principatu
1609 1095 1756 1127 Bosnen.
1774 1096 2026 1136 congregatam,
2040 1104 2139 1136 opem
2152 1095 2339 1136 impendat,
2353 1103 2396 1128 ne

790 1149 946 1180 videatur
961 1149 1050 1188 quod
1066 1149 1158 1180 eosd.
1177 1149 1367 1187 haereticos,
1384 1148 1464 1180 dum
1481 1149 1576 1188 ipsos
1592 1157 1659 1180 non
1675 1149 1904 1188 persequitur,
1928 1150 1966 1180 ut
1985 1150 2129 1188 tenetur,
2147 1149 2396 1190 quodammodo
2472 1159 2476 1163 ‘
2494 1183 2496 1186 ,

789 1201 901 1234 foveat
917 1203 950 1233 et
970 1202 1139 1234 sustineat
1155 1202 1344 1234 tolerando.
1364 1201 1417 1242 (A.
1433 1203 1485 1238 22,
1501 1201 1523 1233 f.
1539 1203 1580 1234 49
1597 1201 1626 1238 ἴῃ·
1653 1201 1687 1232 V.
1708 1202 1758 1237 78,
1779 1210 1831 1241 ep.
1848 1203 1879 1239 5,
1896 1201 1933 1233 de
1948 1202 2053 1242 curia,·
2080 1201 2202 1240 Eubel,
2219 1201 2398 1234 Baliarium
2455 1194 2495 1242 „³³

790 1254 1044 1292 franciscanum,
1061 1256 1085 1286 t.
1108 1255 1148 1290 v,
1165 1264 1198 1295 p.
1217 1256 1290 1293 287,
1308 1263 1341 1286 n.
1358 1255 1444 1295 577.)
2402 1268 2405 1270 v
2489 1244 2493 1252 '

510 1310 547 1338 Ut
561 1318 584 1338 s.
834 1306 974 1338 23127.
993 1326 1032 1331 --
1050 1308 1160 1340 Carolo
1175 1309 1243 1349 reqi
1258 1308 1426 1350 Hunqariae
1442 1308 1629 1340 hortatoria
1643 1309 1771 1340 similis
1786 1309 1828 1340 ad
1846 1309 2108 1349 extirpationem
2125 1309 2278 1341 eorumd.
2293 1308 2396 1341 haere-

790 1361 935 1393 ticorum
951 1371 968 1393 e
984 1362 1072 1393 dicto
1091 1362 1284 1401 principatu
1298 1362 1334 1392 in
1342 1362 1485 1393 confinio
1498 1361 1677 1393 Dalmatiae
1690 1362 1886 1393 constituto.
1905 1362 1957 1401 (Α.
1974 1363 2024 1399 22,
2042 1362 2065 1393 f.
2077 1363 2117 1394 50
2130 1367 2158 1399 ¹3
2179 1361 2213 1392 V.
2227 1362 2278 1399 78,
2296 1370 2350 1402 ep.
2363 1363 2397 1400 6,

792 1414 829 1444 de
847 1415 934 1444 curia
946 1423 954 1451 3
972 1415 1154 1455 Raynaldi,
1183 1414 1320 1445 Annales
1345 1414 1541 1446 ecclesiastici
1565 1414 1607 1445 ad
1626 1424 1740 1445 annum
1765 1415 2086 1455 1325,§XXV111;
2106 1414 2226 1451 Eubel,
2253 1424 2305 1456 op.
2330 1415 2397 1454 cie„

791 1477 824 1507 p.
842 1469 914 1505 288,
933 1469 1069 1507 nes-18.)

510 1523 546 1550 Ut
563 1531 586 1550 s.
836 1518 974 1550 23128.
999 1539 1036 1544 -
1053 1521 1093 1551 Ν.
1110 1531 1152 1551 m.
1183 1521 1345 1552 Elisabeth
1371 1521 1566 1562 principissae
1588 1521 1721 1552 Bosnen.
1747 1521 1936 1553 hortatoria
1962 1521 2102 1553 similis.
2123 1521 2175 1562 (A.
2197 1523 2250 1560 22,
2267 1521 2354 1554 f..5o
2367 1526 2397 1559 ⁸;
2425 1522 2428 1525 ’

799 1574 832 1605 V.
854 1576 903 1612 78,
919 1583 972 1613 ep.
989 1577 1018 1610 7,
1035 1574 1070 1604 de
1089 1575 1201 1615 curia.)

365 1630 383 1657 6
403 1631 469 1665 <vm
490 1630 542 1666 id.)
557 1629 624 1664 jun.
646 1629 733 1658 1325.
836 1625 974 1658 23129.
994 1646 1031 1650 -
1047 1628 1216 1667 Arclziep.o
1234 1628 1423 1665 Narbonem,
1447 1628 1722 1668 ,iurisdictionem
1738 1629 1807 1660 tam
1823 1628 2038 1668 spiritualem
2054 1637 2156 1669 quam
2173 1628 2399 1669 temporalem

794 1681 829 1712 in
843 1682 936 1712 civit.
955 1681 1149 1712 Nar-honen.
1170 1681 1317 1719 habenti,
1337 1682 1451 1713 mand.
1475 1683 1512 1713 ut
1533 1683 1651 1713 contra
1666 1682 1875 1722 Stephanum
1892 1682 2067 1713 Francisci
2083 1682 2212 1714 dictum
2227 1681 2268 1714 de
2283 1681 2400 1723 Figui-

794 1734 860 1771 nis,
879 1734 945 1766 litt.
962 1736 1071 1774 apost.
1089 1734 1255 1766 falsarum
1272 1734 1511 1766 fabricatorem
1528 1736 1560 1766 et
1575 1735 1801 1772 venditorem,
1834 1735 1870 1766 in
1894 1735 1968 1766 suis
1991 1734 2186 1767 carceribus
2209 1735 2398 1771 detentum,

794 1788 975 1828 diligenter
989 1788 1140 1828 inquirat
1158 1790 1190 1819 et
1202 1789 1302 1828 juxta
1315 1788 1594 1820 informationem
1607 1797 1667 1828 per
1682 1789 1719 1819 P.
1739 1788 1778 1819 P.
1794 1788 1944 1820 habitam
1961 1790 1995 1820 et
2011 1788 2080 1828 ipsi
2100 1788 2271 1829 archiep.o
2288 1789 2411 1820 trans-‘
2471 1804 2478 1811 ·

792 1841 934 1872 missam
951 1841 1094 1881 Justitiae
1110 1841 1212 1873 faciat
1231 1842 1529 1882 complementum.
1549 1841 1600 1880 (A.
1619 1842 1670 1880 22,
1689 1841 1767 1874 1149
1783 1841 1814 1878 ¹³5
1836 1841 1869 1872 V.
1888 1843 1940 1879 78,
1961 1850 2013 1882 ep.
2031 1843 2062 1877 4,
2077 1841 2114 1872 de
2129 1842 2243 1880 curia.)

434 1897 472 1924 23
491 1897 550 1931 jul.
572 1896 660 1925 4325.
837 1892 977 1924 23130.
995 1913 1035 1917 —
1050 1895 1204 1926 Universis
1220 1894 1361 1936 praelalis
1378 1899 1406 1925 ct
1418 1905 1502 1936 pers.
1519 1894 1683 1926 ecclesiast.
1702 1895 1735 1925 in
1751 1894 1830 1926 Urbe
1842 1900 1869 1926 ct
1885 1905 1980 1936 prope
1996 1894 2082 1925 illam
2097 1894 2271 1926 constitutis
2285 1894 2399 1927 mand.

447 1943 475 1976 (X
492 1942 552 1969 kal.
574 1941 654 1977 ³¹¹8)
792 1949 829 1979 ut
845 1957 1027 1987 processus
1043 1950 1166 1988 apost„
1185 1948 1391 1979 monitiones
1405 1945 1643 1980 et‘sententias
1660 1949 1784 1988 Angeli
1809 1949 1877 1988 ep.i
1901 1948 2103 1984 viterbien„
2131 1948 2186 1980 cui
2203 1949 2298 1989 Papa
2312 1949 2402 1980 vica-

792 2002 917 2033 riatum
932 2001 967 2032 in
986 2001 1077 2033 Urbe
1104 2002 1289 2039 commisit,
1305 2002 1347 2032 ad
1369 2002 1629 2041 requisitionem
1647 2002 1755 2042 eJusd.
1773 2001 1892 2033 vicarii
1907 2001 2082 2041 publicare
2097 2003 2130 2034 et
2145 2001 2328 2034 observare
2343 2010 2401 2033 cu—

793 2057 878 2086 rent.
895 2055 950 2096 (A.
968 2057 1018 2092 22,
1035 2055 1058 2086 f.
1074 2057 1110 2086 51
1127 2055 1159 2092 b3
1178 2055 1215 2086 V.
1234 2056 1284 2092 78,
1301 2064 1352 2094 ep.
1371 2055 1403 2093 9,
1422 2054 1458 2085 de
1475 2055 1588 2095 curia.)

508 2109 545 2137 Ut
565 2118 588 2136 s.
836 2106 976 2138 23131.
992 2126 1031 2131 -
1048 2108 1122 2139 Eid.
1143 2109 1257 2139 vicario
1277 2108 1377 2140 facul.
1395 2109 1601 2140 concedendi
1623 2108 1753 2149 indulg.
1779 2118 1820 2139 Lx
1837 2108 1972 2140 dierum
1992 2108 2152 2140 omnibus
2174 2107 2401 2149 praesentibus

793 2170 869 2192 oum
884 2162 919 2193 in
938 2163 1122 2193 missarum
1140 2162 1319 2193 solemniis
1335 2162 1448 2202 ipsum
1463 2170 1652 2202 proponere
1673 2162 1853 2202 contigerit
1875 2162 2017 2193 verbum
2030 2162 2108 2194 Dei.
2130 2162 2184 2202 (Α.
2200 2163 2252 2199 22,
2274 2161 2297 2194 f.
2316 2163 2356 2194 52
2370 2161 2401 2200 b,-

799 2214 831 2246 V.
851 2217 902 2252 78,
921 2224 972 2254 ep.
993 2217 1042 2252 14,
1060 2214 1097 2245 de
1118 2215 1230 2254 curia.)

397 2270 434 2297 13
450 2269 510 2305 (id.)
528 2277 592 2304 auq.
615 2268 703 2296 4325.
839 2265 975 2298 23132.
999 2285 1037 2290 -
1050 2268 1169 2309 Αηρείο
1185 2278 1256 2310 epp
1275 2268 1452 2307 Vicerbien„
1469 2268 1565 2310 Papae
1580 2269 1612 2299 in
1632 2268 1712 2299 Urbe
1731 2268 1860 2306 vicario,
1876 2277 1968 2300 conc.
1988 2268 2090 2300 facul.
2106 2268 2282 2309 puniendi,
2298 2267 2415 2300 corri-'
2480 2297 2507 2303 ,„

792 2322 894 2362 gendi
910 2322 943 2353 et
958 2322 1195 2362 compescendi
1218 2322 1360 2353 clericos
1378 2322 1578 2360 insolentes,
1596 2322 1798 2354 excedentes
1815 2323 1848 2354 et
1865 2321 2096 2362 vagabundos,
2120 2330 2250 2354 necnon
2264 2329 2404 2362 cognos-
2470 2314 2514 2351 *ζέ-

793 2375 890 2407 cendi
906 2375 946 2406 de
965 2375 1078 2406 causis
1095 2375 1260 2407 laicorum
1276 2376 1381 2408 Urbis
1395 2376 1437 2407 ad
1455 2376 1644 2407 ecclesiast.
1662 2376 1775 2407 forum
1790 2376 1908 2416 spect„
1933 2377 1966 2407 et
1983 2375 2062 2407 illas
2082 2375 2332 2408 sententialiter
2346 2374 2403 2408 de-

794 2428 939 2460 cidendi.
958 2428 1011 2468 (A.
1031 2430 1082 2465 22,
1101 2429 1122 2459 f.
1142 2430 1182 2460 52
1197 2434 1225 2466 ³3
1251 2428 1281 2459 V.
1301 2430 1350 2469 78,
1371 2437 1424 2469 ep.
1445 2431 1494 2467 11,
1514 2428 1551 2460 de
1569 2429 1681 2468 curia.)

509 2482 546 2510 Ut
565 2491 591 2511 s.
841 2479 977 2512 23133.
992 2500 1031 2504 —
1045 2482 1121 2512 Eid.
1139 2483 1253 2513 mand.
1268 2484 1304 2514 ut
1319 2491 1385 2513 una
1401 2491 1476 2514 cum
1492 2482 1616 2514 Joanni
1631 2482 1850 2520 Provinciali‚
1864 2491 1937 2513 can.
1951 2481 2102 2513 basilicae
2112 2481 2278 2522 principis
2293 2482 2402 2522 Apos-

795 2535 954 2572 tolorum,
977 2537 1010 2568 et
1024 2535 1221 2574 Guillelmo,
1239 2536 1367 2567 vicario
1388 2536 1568 2568 Guillelmi
1583 2536 1652 2576 ep.i
1667 2535 1840 2574 Sabinen.‚
1859 2537 1952 2567 curet
1968 2535 2219 2575 reparationem
2234 2535 2330 2567 dictae
2345 2533 2402 2567 ba·

795 2588 900 2620 silicae
916 2589 1061 2620 celerius
1080 2589 1209 2629 perfici.
1231 2590 1284 2627 (A.
1297 2591 1347 2629 22,
1365 2589 1388 2620 f.
1405 2590 1445 2621 52
1458 2589 1487 2627 ¹‘;
1511 2589 1545 2620 V.
1565 2591 1617 2626 78,
1638 2598 1690 2629 ep.
1710 2590 1760 2627 12,
1778 2588 1815 2620 de
1830 2588 1945 2629 curia.)

512 2641 548 2670 Ut
564 2650 588 2669 s.
840 2639 979 2672 23134.
1000 2659 1039 2664 —
1054 2641 1179 2673 Rectori
1201 2646 1229 2673 et
1244 2642 1379 2673 thesaur.
1399 2642 1588 2673 Patrimonii
1605 2642 1633 2673 b.
1657 2642 1745 2673 Petri
1769 2642 1803 2673 in
1820 2641 1931 2673 Tuscia
1946 2642 2060 2673 mand.
2087 2643 2124 2673 ut
2139 2641 2322 2673 nonnullos
2340 2641 2404 2673 ini·

794 2695 936 2735 quitatis
953 2695 1044 2727 filios
1057 2696 1115 2736 qui
1125 2696 1166 2728 de
1183 2696 1341 2728 domibus
1359 2696 1436 2728 sitis
1448 2695 1484 2727 in
1499 2696 1591 2727 civit.
1607 2695 1797 2727 Viterbien.
1810 2704 1916 2736 prope
1928 2695 2095 2735 palatium
2104 2696 2228 2734 apost„
2244 2694 2287 2726 ad
2303 2694 2345 2726 R.
2360 2694 2402 2726 E.

795 2748 1040 2788 spectantibus,
1058 2750 1186 2781 certam
1197 2750 1329 2789 partem
1345 2749 1498 2781 detinent
1512 2750 1721 2789 occupatam,
1738 2749 1780 2780 ad
1797 2748 2037 2780 dimittendum
2054 2756 2141 2785 eam,
2165 2747 2199 2779 et
2218 2747 2403 2779 nonnullos
2486 2788 2489 2789 ⁷

795 2801 882 2834 alios
899 2802 957 2842 qui
973 2802 1143 2842 reliquam
1157 2804 1289 2842 partem
1306 2802 1484 2834 domorum
1501 2802 1654 2842 ipsarum
1670 2802 1712 2833 ad
1727 2810 1874 2833 annuam
1891 2801 2092 2841 pensionem
2105 2799 2147 2832 ab
2163 2800 2240 2840 ipsa
2256 2800 2336 2832 eccl.
2353 2800 2402 2832 te·

794 2856 885 2893 nent,
904 2855 945 2886 ad
957 2855 1235 2887 satisfaciendum
1248 2855 1288 2887 de
1302 2855 1527 2895 pensionibus
1542 2854 1668 2886 debitis
1683 2854 1871 2887 monitione
1882 2853 2061 2894 praemissa
2071 2853 2287 2894 compellant,
2299 2853 2401 2893 prout
2423 2898 2425 2900 q
2485 2856 2506 2895 ἐ(

794 2908 898 2940 etiam
917 2908 1072 2940 Blasium
1087 2909 1128 2940 de
1142 2908 1283 2946 Nerula,
1298 2917 1370 2940 can.
1387 2908 1469 2940 eccl.
1485 2908 1688 2946 viterbien,
1706 2909 1827 2948 cogant
1849 2907 1892 2939 ad
1914 2907 2125 2939 reddendum
2148 2908 2345 2946 computum
2359 2906 2402 2938 de
2496 2900 2499 2903 ’

793 2962 938 3001 pecunia
954 2971 996 2993 ex
1010 2962 1111 2993 dictis
1129 2961 1352 3002 pensionibus
1371 2961 1412 2993 ab
1428 2962 1503 3002 ipso
1520 2963 1691 3002 percepta.
1711 2961 1764 3001 (A.
1781 2962 1832 2997 22,
1862 2960 1884 2992 f.
1905 2961 1944 2992 52
1958 2960 1989 2997 ”5
2013 2960 2050 2992 V.
2075 2961 2125 2999 78,
2149 2968 2202 3000 ep.
2221 2961 2270 2999 15,
2293 2959 2331 2991 de
2352 2969 2404 2990 cu·

794 3015 870 3053 ria.)
1358 3017 1361 3020 ’
