2592 3562
366 315 425 347 202
592 311 844 344 APPENDICES
866 312 922 343 AD
944 311 1137 343 OCTAVUM
1160 311 1353 343 BULLARII
1374 310 1547 343 JOANNIS
1570 310 1659 342 XXII
1682 309 1842 341 ANNUM.
1866 326 1904 333 —
1925 309 2163 350 (1316-1834)

517 504 552 532 Ut
569 512 593 532 s,

400 670 501 697 Datum
516 665 698 698 Avenione.

404 720 416 746 1
433 718 517 755 (kal.)
533 726 594 754 apr.
612 714 698 745 1324.

455 763 537 790 Anno
556 762 642 790 vlw.

368 825 385 853 5
400 833 461 860 apr.
482 823 570 857 1324,
589 823 647 854 ind.
665 823 734 850 Vll·.

417 1091 494 1119 9-12
509 1098 570 1125 apr.
592 1089 679 1116 1324.

475 1135 536 1163 lnd.
554 1134 625 1162 V11·.

395 1257 498 1284 Datum
520 1249 703 1284 Avenione.

439 1305 477 1332 16
495 1312 556 1339 apr.
576 1301 662 1330 1324.

423 1350 487 1386 (ΧΠ
506 1348 564 1376 kal.
585 1346 676 1382 maii.)

461 1395 542 1421 Anno
558 1392 639 1419 vulo.

396 1574 445 1600 Die
459 1572 516 1599 XX⁵
530 1577 590 1604 apr.
612 1567 699 1596 1324.

474 1615 533 1642 Ind.
551 1613 623 1640 v11·.

434 1732 473 1759 25
493 1739 554 1766 apr.
574 1728 661 1757 1324.

362 1778 420 1805 Ind.
442 1777 513 1808 Vll⁵‚
529 1775 603 1810 apud
618 1773 732 1809 plebem

379 1830 403 1849 s.
423 1820 571 1849 Fortunali
586 1820 621 1847 de
637 1819 714 1846 Mon-

396 1867 538 1895 tefalcone
553 1866 588 1893 ad
601 1872 695 1893 eame-

426 1920 488 1939 ram
505 1911 664 1938 Romanam

450 1958 640 1991 spectantem.

393 2007 496 2033 Datum
517 2000 698 2033 Avenz'one.

434 2054 470 2082 18
485 2055 552 2081 maii
571 2054 658 2081 4325.

436 2101 487 2134 (xv
505 2098 562 2126 kal.
579 2099 654 2134 jun.)

454 2144 536 2171 Anno
555 2144 633 2171 V1110.

389 2418 532 2446 Florentiae
545 2418 618 2445 XXI·
633 2419 700 2445 maii

418 2462 505 2496 1324,
522 2462 580 2490 ind.
597 2463 668 2490 vl1·.

392 2686 441 2713 Die
457 2686 507 2713 24⁵
521 2686 588 2712 maii
605 2684 690 2712 1324.

467 2730 525 2757 ind.
544 2730 616 2757 VII⁸.

389 2798 493 2825 Datum
510 2792 693 2826 Avenione.

358 2848 376 2873 6
396 2848 462 2881 (v111
483 2846 534 2882 id.)
549 2846 616 2880 jun.
637 2845 724 2874 1324.

449 2891 530 2918 Anno
550 2891 632 2919 v1110.

838 502 971 534 20367.
992 523 1028 528 -
1043 505 1191 537 Joannes
1207 505 1300 544 Papa
1317 503 1417 535 XXII
1433 502 1568 534 mandat
1586 501 1675 532 idem
1693 500 1817 532 rectori
1839 500 2037 541 patrimonii
2047 500 2080 532 b.
2091 500 2183 533 Petri
2201 499 2236 532 in
2253 500 2389 533 Tuscia.

794 577 829 582 —
846 559 946 590 Parte
963 558 1132 598 superiori
1156 557 1280 598 legitur
1296 567 1311 587 «
1328 557 1367 588 G.
1386 556 1426 587 R.
1445 556 1582 595 propter
1597 562 1735 585 rasuras
1760 553 1877 585 statim
1898 553 1990 586 omni
2016 562 2112 586 mora
2138 553 2330 595 postposita
2349 554 2390 587 de

792 611 905 643 mand.
923 611 995 642 d.ni
1011 611 1118 643 nostri
1133 611 1234 650 Pape.
1253 620 1269 640 υ
1284 609 1383 649 (Oriq.
1395 607 1502 649 perq.)
1749 634 1752 638 ,
2175 604 2178 607 ’

838 662 973 694 20368.
993 683 1025 688 -
1044 665 1192 696 Joannes
1211 663 1301 702 Papa
1314 662 1413 694 XXII
1429 660 1565 692 mandat
1579 660 1762 700 archiepis
1779 662 1812 692 et
1827 660 1915 701 ep.is
1937 669 1997 702 per
2009 659 2212 693 Hiberniam
2229 660 2390 693 constitu·

792 719 838 750 tis
854 720 890 750 ut
907 717 1078 758 publicent
1099 726 1157 748 seu
1182 716 1353 756 publicare
1377 714 1502 745 saciant
1517 714 1796 746 constitutionem
1818 724 1834 745 «
1858 714 2073 746 Execrabilis
2099 723 2115 745 »
2138 714 2269 746 scilicet
2289 723 2392 755 super

792 772 1023 812 pluralitatem
1040 770 1279 802 beneficiorum
1296 768 1419 799 editam
1437 777 1495 797 xm
1511 767 1580 798 kal.
1598 767 1668 798 dec.
1686 776 1774 799 anno
1787 767 1833 799 110
1851 767 1952 808 (Or-iq.
1964 777 2075 809 per9.;
2090 767 2126 799 de
2140 767 2252 808 curia.)

838 822 971 854 20369.
993 842 1030 847 -—
1046 821 1376 861 Condempnationes
1392 820 1424 851 et
1442 820 1786 860 condempnationum
1802 821 1978 853 sententiae
1996 821 2074 853 latae
2089 829 2149 862 per
2165 821 2333 853 Conatum
2349 821 2390 853 de

791 879 931 914 Narnia,
951 878 1093 908 ducatus
1112 875 1281 915 Spoletan.
1293 873 1441 913 judicem
1458 873 1663 913 generalem,
1680 875 1797 906 contra
1813 874 2102 911 communitatem,
2119 874 2390 912 universitatem,

793 931 967 968 officiales,
993 929 1221 964 consiliarios,
1246 926 1426 958 consilium
1442 928 1474 958 et
1490 935 1609 958 omnes
1624 927 1816 967 singulares
1834 927 1990 959 homines
2007 936 2044 959 ac
2059 936 2225 968 personas
2242 927 2392 959 civitatis
2408 922 2412 927 '

791 984 918 1024 Spoleti
938 984 995 1023 qui
1015 983 1164 1013 favorem
1181 982 1212 1012 et
1234 980 1402 1011 auxilium
1419 980 1604 1020 Sperantiae
1617 980 1698 1012 olim
1715 980 1832 1012 comiti
1847 981 1888 1012 de
1904 980 2155 1017 Monteferetro,
2171 981 2261 1013 hosti
2276 981 2340 1013 Dei
2356 981 2390 1013 et

792 1038 830 1069 E.
846 1038 901 1074 R„
913 1038 1010 1076 atque
1023 1035 1190 1071 haeretico,
1209 1036 1241 1065 et
1253 1034 1326 1074 ejus
1343 1033 1593 1065 adhaerentibus
1604 1034 1845 1074 praestiterunt.
1861 1033 1959 1075 (Oriq.
1970 1044 2061 1076 μετ-9.
2073 1043 2083 1071 ;
2103 1033 2162 1065 duo
2175 1033 2388 1075 exemplaria.)

837 1087 970 1119 20370.
991 1108 1028 1112 -
1046 1088 1151 1127 Copia
1169 1087 1404 1127 inquisitionis
1420 1088 1453 1118 et
1469 1095 1650 1127 processus
1667 1086 1774 1119 habiti
1789 1096 1850 1128 per
1867 1088 2035 1120 Joannem
2056 1087 2097 1120 de
2115 1087 2262 1126 Amelio‚
2282 1089 2390 1120 recto-

791 1153 862 1176 rem
886 1144 1027 1174 ducatus
1050 1140 1236 1181 Spoletani‚
1256 1141 1373 1171 contra
1394 1140 1559 1171 Joannem
1582 1149 1671 1181 mag.
1686 1140 1804 1172 Jacobi
1825 1141 1866 1172 de
1889 1141 2021 1173 Gualdo
2045 1140 2200 1182 Captan„
2218 1141 2277 1183 qui
2292 1149 2391 1174 occu-

791 1206 871 1238 pare
882 1196 1069 1227 tentaverat
1083 1194 1232 1225 castrum
1244 1193 1284 1224 de
1297 1193 1441 1231 Gualdo‚
1454 1193 1520 1225 eid.
1535 1194 1657 1225 rectori
1675 1195 1709 1226 et
1725 1194 1826 1226 curiae
1843 1202 1912 1226 suae
1929 1194 2040 1226 fidele.
2059 1194 2182 1236 (Perq.)

835 1248 972 1279 20371.
990 1267 1028 1271 -
1042 1249 1191 1280 Joannes
1213 1248 1304 1287 Papa
1320 1248 1421 1279 XXII
1436 1247 1572 1279 mandat
1588 1256 1663 1287 ep.o
1685 1247 1872 1279 Bononien.
1892 1250 1930 1279 ut
1951 1247 2104 1288 publicet
2117 1257 2317 1289 processum
2333 1248 2390 1280 ha-

790 1304 898 1335 bitum
915 1304 949 1334 in
966 1302 1059 1334 curia
1068 1303 1175 1341 apost.
1187 1303 1303 1332 contra
1312 1300 1510 1332 Bertoldum
1526 1301 1566 1332 de
1578 1301 1987 1337 Marsteron,Bertoldum
2000 1301 2128 1333 dictum
2143 1301 2184 1333 de
2202 1301 2391 1342 Groispach

790 1359 823 1389 et
846 1357 1057 1388 Fridericum
1082 1355 1123 1386 de
1146 1354 1374 1394 Truedingen‚
1402 1353 1460 1394 (lui
1479 1354 1631 1386 dicentes
1654 1363 1690 1386 se
1715 1363 1790 1386 esse
1816 1354 2083 1386 ambasciatores
2106 1355 2271 1387 Ludovici
2293 1355 2390 1387 ducis

790 1410 940 1443 Bavariae
962 1409 1023 1440 hoc
1039 1409 1206 1449 praetextu
1220 1407 1426 1440 adherebant
1438 1408 1605 1445 Galeatio,
1628 1408 1754 1445 Marco,
1771 1408 1934 1446 Luchino,
1950 1408 2075 1440 Joanni
2090 1409 2123 1440 et
2139 1408 2309 1448 Stephano
2324 1408 2391 1441 fra·

788 1464 910 1500 tribus,
932 1463 1014 1494 filiis
1035 1462 1224 1502 dampnatas
1237 1461 1411 1493 memoriae
1430 1461 1566 1493 Mathaei
1583 1461 1624 1492 de
1643 1461 1912 1493 Vicecomitibus
1931 1461 1971 1493 de
1988 1461 2189 1494 Mediolano.
2208 1461 2266 1502 (De
2283 1462 2370 1493 curia
2377 1471 2388 1500 ς

789 1518 866 1558 oriy.
883 1518 984 1557 perq.)

834 1567 969 1599 20372.
988 1588 1025 1592 —
1045 1569 1125 1601 Litt.
1145 1570 1253 1609 apost.
1272 1570 1389 1600 contra
1406 1568 1615 1600 Ludovicum
1635 1568 1754 1599 ducem
1780 1567 1930 1600 Bavariae
1946 1576 2035 1608 mag.
2056 1567 2206 1600 Roberto
2229 1568 2269 1600 de
2285 1567 2391 1601 Alba-

789 1633 882 1664 rupe,
899 1623 1022 1654 rectori
1038 1622 1235 1663 patrimonii
1251 1622 1284 1653 b.
1297 1622 1389 1653 Petri
1406 1622 1441 1653 in
1457 1622 1592 1659 Tuscia,
1610 1631 1650 1652 xv
1666 1621 1735 1652 kal.
1754 1630 1830 1653 nov.
1850 1630 1938 1653 anno
1954 1621 2049 1653 V111⁰
2066 1621 2202 1654 directae
2218 1621 2391 1662 publican-

788 1679 844 1709 tur
858 1678 976 1708 Romae
991 1677 1026 1707 in
1043 1676 1122 1708 eccl.
1141 1676 1326 1707 cathedrali
1346 1675 1379 1707 S.
1398 1676 1443 1707 M.
1464 1675 1563 1715 (Oriq.
1579 1677 1685 1716 perq.)

834 1728 967 1760 20373.
987 1748 1025 1752 —
1040 1729 1230 1762 Consilium
1246 1728 1400 1760 habitum
1416 1737 1518 1769 super
1534 1737 1635 1768 opere
1650 1727 1762 1768 plebis
1777 1737 1837 1759 seu
1857 1728 1977 1768 palatii
1993 1737 2021 1759 s.
2040 1729 2219 1760 Fortunati
2235 1729 2276 1760 de
2294 1728 2390 1761 Mon-

787 1784 966 1821 tefalcone,
984 1784 1025 1814 ad
1047 1791 1215 1814 cameram
1237 1784 1346 1822 apost.
1366 1783 1484 1822 spect„
1504 1791 1565 1814 seu
1589 1781 1801 1821 reparatione
1818 1781 1942 1821 ipsius,
1960 1781 2091 1813 scilicet
2106 1790 2148 1813 an
2165 1781 2210 1814 sit
2229 1790 2388 1814 securum

789 1840 821 1869 et
836 1839 999 1878 quantum
1018 1836 1185 1868 constabit
1200 1836 1370 1876 reparatio
1385 1835 1609 1876 quorumdam
1625 1834 1846 1866 aedificiorum
1868 1843 1942 1875 quae
1958 1835 2128 1866 corruisse
2142 1835 2313 1867 dicuntur.
2326 1835 2388 1867 Ac-

787 1892 860 1922 tum
876 1891 910 1921 in
925 1891 1033 1922 forma
1051 1889 1187 1930 publica
1205 1891 1242 1921 ut
1255 1889 1334 1921 d.no
1353 1898 1447 1929 papae
1460 1889 1551 1920 clara
1565 1888 1685 1920 relatio
1702 1887 1775 1919 fieri
1792 1888 1914 1919 valeat.
1930 1887 2031 1929 (Oriq.
2044 1898 2134 1929 perq.
2152 1887 2300 1929 lonqum.)

831 1994 967 2026 20374.
987 2015 1025 2019 -—
1044 1996 1192 2027 Joannes
1218 1995 1310 2035 Papa
1327 1994 1429 2026 XXII
1453 1994 1590 2025 mandat
1617 1993 1788 2033 archiep-o
1805 1994 1927 2025 Baren.
1946 1994 2087 2034 ejusque
2106 1994 2331 2035 suffraganeis
2349 1995 2388 2027 ut

786 2051 959 2091 publicent
978 2058 1171 2090 processus,
1191 2049 1250 2088 qui
1264 2049 1474 2085 inseruntur,
1491 2049 1606 2079 contra
1621 2047 1839 2084 Rainaldum,
1855 2047 2042 2087 Opizonem
2057 2049 2090 2079 et
2105 2047 2258 2079 Azonem
2274 2047 2334 2088 qui
2348 2056 2386 2080 se

788 2105 902 2136 dicunt
918 2103 1130 2135 marchiones
1144 2103 1272 2139 Esten.,
1291 2103 1324 2133 et
1338 2101 1487 2132 fautores
1505 2110 1622 2132 eorum
1645 2101 1850 2138 Ferrarien„
1868 2101 1908 2132 E.
1926 2101 1967 2132 R.
1985 2100 2143 2139 rebelles,
2161 2100 2296 2133 habitos
2301 2110 2312 2138 ;
2329 2109 2386 2133 no-

786 2159 857 2189 tum
875 2158 978 2189 etiam
1002 2156 1127 2188 faciant
1150 2157 1273 2195 Papam
1298 2154 1508 2186 concessisse
1528 2154 1624 2185 illam
1648 2154 1791 2194 indulg.‚
1815 2163 1889 2194 quae
1912 2153 2206 2194 proficiscentibus
2231 2154 2268 2185 in
2287 2155 2387 2186 terrae

786 2213 908 2243 sanctae
926 2210 1118 2241 subsidium
1135 2218 1194 2249 per
1211 2209 1245 2241 S.
1263 2209 1304 2240 A.
1322 2208 1459 2239 concedi
1475 2208 1662 2244 consuevit,
1679 2207 1839 2238 omnibus
1855 2207 1926 2238 illis
1940 2207 1998 2247 qui
2014 2208 2131 2239 contra
2147 2207 2293 2239 rebelles
2301 2216 2387 2248 prae·

785 2265 893 2296 dictos
917 2273 1054 2304 operam
1077 2263 1202 2294 dabunt
1218 2262 1261 2293 ad
1285 2270 1391 2293 unum
1417 2270 1544 2292 annum
1567 2270 1586 2292 a
1601 2261 1655 2292 die
1678 2261 1718 2292 de
1734 2269 1800 2301 quo
1818 2261 2027 2292 Bertrandus
2050 2269 2078 2292 s.
2095 2261 2252 2292 Marcelli
2269 2260 2383 2301 presb.

786 2318 888 2354 card„
905 2318 935 2348 S.
956 2318 995 2349 A.
1015 2317 1147 2357 legatus
1159 2316 1194 2346 in
1210 2316 1280 2346 illis
1295 2314 1462 2355 partibus,
1482 2314 1619 2346 duxerit
1636 2314 1871 2345 ordinandum.
1889 2314 1989 2355 (Or-iq.
2001 2323 2091 2355 perq.
2107 2323 2268 2355 maynum3
2282 2313 2320 2345 de
2333 2324 2385 2345 cu-

785 2371 858 2410 ria.)

830 2421 964 2453 20375.
983 2441 1022 2446 -
1036 2423 1205 2455 Henricus
1233 2422 1273 2454 de
1297 2430 1324 2453 s.
1347 2421 1496 2461 Elpidio‚
1511 2421 1660 2452 vicarius
1675 2420 1850 2452 Francisci
1865 2420 1934 2461 ep.i
1951 2420 2153 2458 Florentin.,
2170 2420 2290 2452 scribit
2302 2421 2386 2453 Ber-

784 2478 902 2508 trando
926 2486 953 2508 s.
972 2476 1125 2508 Marcelli
1143 2475 1255 2516 presb.
1271 2475 1376 2512 card„
1399 2476 1439 2506 A.
1461 2474 1494 2505 S.
1510 2474 1633 2514 legato,
1654 2482 1690 2505 se
1715 2473 1885 2513 recepisse
1911 2473 2044 2505 litteras
2073 2473 2159 2513 ejus,
2185 2482 2385 2513 processum

784 2532 817 2562 et
832 2531 1018 2562 sententias
1042 2539 1102 2569 per
1126 2530 1160 2561 S.
1179 2530 1220 2560 A.
1240 2529 1364 2560 factum
1382 2529 1414 2559 et
1432 2527 1520 2559 latas
1542 2529 1659 2558 contra
1676 2527 1884 2558 Ludovicum
1900 2527 2019 2558 ducem
2044 2527 2198 2572 Bavariae
2221 2528 2253 2558 et
2268 2528 2385 2559 contra

784 2584 875 2615 filios
893 2584 1016 2624 quond.
1035 2583 1170 2615 Mathaei
1187 2583 1227 2614 de
1244 2581 1522 2618 Vicecomitibus,
1546 2581 1657 2620 ipsius
1673 2580 1835 2617 fautores,
1851 2580 2074 2617 continentes,
2094 2589 2180 2620 quas
2199 2589 2313 2612 coram
2327 2589 2385 2621 po·

783 2637 863 2677 pulo
883 2637 917 2668 in
934 2637 1015 2668 eccl.
1031 2636 1218 2668 Florentin.
1234 2635 1433 2675 publicavit.
1453 2633 1552 2674 (Oriy.
1570 2643 1660 2675 perq.
1673 2633 1831 2675 parvum.)

827 2687 963 2720 20:376.
983 2707 1022 2713 —
1037 2689 1253 2722 Universitas
1267 2688 1444 2720 Modoetiae
1461 2687 1671 2727 recognoscit
1686 2687 1838 2727 regimen
1856 2686 1958 2718 castri
1970 2687 2149 2718 Modoetiae
2167 2687 2308 2727 ejusque
2317 2688 2383 2719 ter·

783 2743 894 2775 ritorii
911 2745 943 2775 et
958 2743 1134 2774 districtus
1147 2743 1319 2783 pertinere
1333 2741 1376 2772 ad
1391 2742 1429 2772 E.
1440 2742 1494 2778 R„
1507 2742 1647 2772 vacante
1663 2740 1819 2780 imperio,
1832 2739 1920 2771 sicut
1936 2748 2025 2771 nunc
2037 2742 2144 2772 vacat.
2162 2739 2262 2781 (Oriq.
2278 2742 2381 2781 per-9.)

828 2794 961 2826 20377.
980 2815 1018 2819 —
1035 2797 1054 2828 J
1058 2805 1184 2827 oannes
1206 2797 1295 2835 Papa
1310 2795 1410 2826 XXII
1427 2793 1545 2825 scribit
1568 2793 1701 2832 carolo,
1719 2793 1810 2834 regis
1825 2793 1978 2825 Franciae
1998 2793 2083 2830 filio,
2100 2793 2217 2825 comiti
2237 2793 2380 2828 Valesii,

782 2851 872 2891 quod
886 2858 1008 2881 verens
1028 2858 1068 2881 ne
1092 2850 1214 2881 litterae
1232 2849 1353 2880 Carolo
1376 2849 1413 2879 F.
1432 2851 1465 2879 et
1481 2847 1524 2879 N.
1542 2847 1583 2879 R.
1601 2847 1729 2884 missae,
1747 2855 1849 2886 super
1867 2846 2002 2886 negotio
2021 2846 2062 2878 de
2080 2855 2146 2886 quo
2160 2847 2206 2878 id.
2222 2855 2282 2878 rex
2296 2847 2383 2879 Pon-

781 2903 865 2935 tifici
879 2903 1073 2943 scripserat,
1091 2905 1229 2943 propter
1245 2902 1377 2933 viarum
1394 2900 1594 2932 discrimina
1611 2900 1677 2932 eid.
1693 2900 1764 2940 regi
1779 2900 1989 2940 praesentatae
2004 2908 2072 2931 non
2085 2899 2224 2937 fuerint,
2241 2900 2381 2940 praet’ato

782 2957 853 2998 regi
869 2957 990 2988 Iterato
1003 2956 1155 2996 scripsit.
1172 2955 1271 2997 (Or-iq.
1283 2965 1371 2996 perq.
1384 2953 1541 2996 parvum.)
