2592 3562
468 357 720 389 APPENDICES
742 360 798 390 AD
820 361 966 393 NONUM
989 363 1182 396 BULLARII
1203 366 1376 398 JOANNIS
1398 368 1489 400 XXII
1510 370 1669 401 ANNUM.
1693 389 1733 395 —-
1753 373 1990 414 (1316-1334)
2179 377 2240 408 453

297 1234 311 1260 1
327 1233 394 1267 jan.
414 1234 501 1262 1325.

314 1277 376 1305 ind.
394 1277 480 1306 vmm

288 1391 329 1419 26
343 1392 397 1426 feb.
418 1392 502 1420 1325.

283 1711 323 1738 27
337 1711 392 1746 feb.
412 1712 499 1740 1325.

279 1871 318 1899 28
336 1870 392 1905 feb.
415 1871 504 1901 1325.

310 1917 370 1944 lnd.
389 1916 473 1944 Vl11·.

270 2137 305 2165 13
321 2141 404 2165 mart.
426 2137 513 2166 ¹325.

264 2562 299 2591 31
322 2566 404 2591 mart.
425 2563 513 2592 1325.

285 2883 298 2909 1
319 2889 381 2918 apr.
401 2882 489 2912 1385.

305 2926 366 2954 lnd.
383 2927 468 2956 V111·.

1400 840 1479 890 II

805 959 1033 993 Instrumenta
1057 959 1274 994 miscellanea
1298 961 1460 995 Vaticana
1478 973 1552 1006 quae
1571 963 1609 996 in
1630 965 1768 1009 capsula
1791 977 1960 1000 annorum
1986 966 2074 1002 1395

1206 1037 1309 1076 atque
1335 1031 1425 1067 1326
1446 1034 1675 1078 reperiuntur.

683 1231 821 1264 23165.
838 1253 876 1257 -
889 1235 1080 1267 Publicatio
1097 1245 1317 1276 processuum
1330 1239 1446 1269 contra
1463 1239 1672 1271 Ludovicum
1687 1241 1807 1273 ducem
1819 1242 1969 1274 Bavariae
1981 1243 2067 1275 facta
2085 1245 2118 1275 in
2134 1245 2231 1285 plebe

639 1286 672 1318 S.
695 1287 740 1318 M.
759 1287 799 1318 de
824 1288 969 1319 Ficullis
995 1297 1015 1320 a
1036 1289 1149 1326 Petro,
1172 1289 1316 1329 plebano
1338 1291 1449 1331 plebis
1474 1292 1597 1332 ejusd.,
1625 1294 1665 1325 de
1689 1295 1846 1326 mandato
1872 1295 1911 1327 G.
1932 1295 2135 1328 Urbevetan.
2153 1298 2232 1338 ep.i.

637 1339 738 1380 (Oriq.
751 1350 842 1381 perq.
858 1341 1009 1380 strictum,
1025 1341 1079 1373 sed
1092 1342 1244 1384 lonqum.)

681 1391 820 1424 23166.
837 1414 875 1418 -
895 1395 1058 1427 Instrum.
1083 1405 1149 1436 quo
1167 1398 1298 1429 constat
1317 1398 1547 1430 Guillerminum
1567 1399 1603 1430 de
1617 1400 1757 1437 Sadame),
1775 1410 1948 1433 cursorem
1963 1403 2074 1442 Papae,
2092 1412 2235 1443 praesen-

636 1448 728 1479 tasse
751 1448 852 1480 Petro
868 1449 908 1480 de
930 1449 1049 1486 Turre,
1067 1450 1173 1490 priori
1196 1451 1353 1489 Cariloci,
1372 1452 1495 1491 Apten.
1514 1452 1571 1492 di.,
1594 1454 1775 1493 quamdam
1799 1455 1865 1486 litt.
1889 1455 2046 1487 Gasberti
2062 1457 2233 1489 Arelaten.

637 1500 811 1541 archiepi,
827 1502 926 1542 Papae
943 1502 1141 1539 Camerarii‚
1162 1504 1343 1543 praeposito
1361 1505 1562 1543 Cardonen„
1580 1508 1612 1538 et
1628 1515 1655 1537 s.
1673 1508 1815 1538 Andreae
1833 1508 1873 1539 de
1891 1509 2079 1540 Rosanesio
2095 1510 2135 1540 de
2151 1511 2234 1541 Ara·

638 1554 769 1594 grandi,
787 1555 986 1595 Vapincen.‚
1005 1564 1043 1587 ac
1062 1557 1202 1596 praefato
1223 1557 1396 1596 prioribus
1419 1558 1593 1596 directam,
1610 1561 1646 1591 ut
1661 1560 1750 1599 apud
1766 1561 1973 1593 Avenionem
1989 1570 2025 1592 se
2041 1562 2232 1595 conferrent

639 1616 715 1638 cum
736 1607 811 1647 ipso
828 1608 1024 1640 Camerario
1039 1609 1186 1640 locuturi
1214 1618 1316 1649 super
1341 1611 1545 1650 quibusdam
1563 1612 1739 1643 Cameram
1760 1615 1868 1653 apost.
1885 1614 2114 1654 tangentibus.
2133 1614 2231 1656 (Oriq.

633 1670 724 1702 per-q.
738 1660 899 1701 parvum.)

681 1711 819 1743 23167.
837 1732 873 1737 —-
895 1715 1116 1747 Praesentatio
1134 1715 1253 1747 litterae
1270 1725 1336 1756 qua
1352 1716 1524 1754 Gasbertus,
1544 1718 1640 1759 Papae
1658 1719 1865 1755 Camerarius,
1883 1720 1963 1750 citat
1979 1728 2080 1760 praep.
2098 1721 2229 1752 Forcal-

636 1767 788 1806 querien.
806 1769 838 1799 et
855 1767 894 1798 de
919 1768 1025 1799 Podio
1048 1769 1247 1809 Garagobiae
1267 1770 1476 1807 sistaricen„
1493 1771 1533 1802 de
1549 1772 1747 1803 Valansolia
1768 1772 1908 1812 Regen.‚
1929 1781 1965 1804 ac
1983 1773 2022 1803 de
2041 1773 2230 1815 Vilacrosa,

636 1820 844 1860 Forojulien.
863 1821 923 1858 di.,
940 1822 1020 1853 eccl.
1039 1822 1182 1861 priores.
1201 1822 1299 1863 (Or-iq.
1316 1833 1403 1864 per-9.
1422 1833 1563 1864 parvum,
1577 1824 1630 1854 sed
1641 1824 1726 1855 valde
1739 1825 1922 1865 corrosum.)

680 1871 819 1903 23168.
838 1891 877 1897 --
901 1874 1063 1906 Instrum.
1080 1875 1254 1915 publicum
1280 1885 1346 1916 quo
1362 1878 1492 1908 constat
1516 1877 1654 1908 fratrem
1671 1878 1798 1908 Petrum
1821 1878 1857 1908 de
1873 1878 2017 1919 Euyubio
2034 1879 2228 1918 publicasse

635 1926 670 1956 in
694 1927 775 1958 eccl.
791 1936 819 1958 s.
835 1928 1019 1967 Augustini
1037 1928 1077 1959 de
1098 1928 1262 1968 Fulgineo
1285 1938 1415 1960 excom.
1435 1930 1636 1961 sententiam
1653 1932 1769 1962 contra
1787 1931 1936 1962 faut0res
1952 1932 2114 1963 Ludovici
2133 1932 2229 1963 ducis

634 1980 786 2012 Bavariae
802 1981 833 2011 et
851 1981 981 2021 indulg.
998 1990 1059 2021 pro
1074 1981 1233 2013 omnibus
1247 1983 1306 2022 qui
1320 1984 1436 2014 contra
1452 1983 1542 2014 filios
1558 1983 1691 2014 Mathaei
1710 1984 1749 2015 de
1767 1984 2030 2015 vicecomitibus
2050 1985 2089 2016 de
2104 1985 2230 2016 Medio-

634 2033 711 2064 lano
732 2034 904 2073 negotium
926 2034 1005 2066 fidei
1027 2036 1327 2075 prosequerentur,
1347 2036 1456 2067 eamd.
1478 2036 1637 2068 videlicet
1659 2045 1733 2076 quae
1751 2037 2044 2076 proficiscentibus
2063 2038 2098 2068 in
2118 2038 2230 2070 Terrae

636 2088 760 2118 sanctae
777 2087 967 2118 subsidium
986 2096 1045 2127 per
1060 2088 1093 2120 S.
1113 2089 1154 2119 A.
1171 2089 1309 2120 concedi
1327 2089 1514 2120 consuevit.
1531 2089 1630 2129 (Oriy.
1645 2099 1733 2130 perq.
1750 2090 1910 2130 parvum.)

680 2137 819 2169 23169.
838 2158 875 2163 -
899 2141 1114 2172 Universitas
1130 2141 1233 2173 castri
1255 2142 1296 2173 de
1323 2143 1451 2174 Roceto
1482 2142 1692 2173 constituunt
1709 2145 1943 2183 procuratores
1958 2144 1995 2174 ut
2020 2152 2132 2174 coram
2155 2144 2226 2176 Ste-

636 2192 746 2232 phano
760 2193 800 2224 de
819 2193 1014 2231 Videlhaco‚
1033 2194 1160 2233 majore
1172 2194 1285 2234 judice
1301 2203 1339 2226 ac
1353 2195 1465 2226 locum
1480 2196 1615 2227 tenente
1629 2196 1792 2227 Armandi
1809 2197 1849 2227 de
1868 2196 1971 2227 Trian
1988 2196 2121 2234 militis,
2136 2197 2228 2227 Mon-

635 2245 853 2276 tismirabilis
868 2246 900 2277 et
918 2246 1056 2277 'salardi
1079 2247 1161 2283 d.ni,
1179 2248 1361 2279 comitatus
1385 2249 1560 2280 Venaisini
1582 2249 1736 2288 rectoris,
1757 2249 1989 2289 Carpentorati
2006 2249 2230 2288 personaliter

636 2300 851 2337 compareant
867 2299 908 2330 ad
921 2299 1132 2331 tractandum
1148 2309 1225 2331 cum
1248 2301 1342 2332 curia
1357 2301 1411 2332 vel
1426 2301 1591 2342 delegatis
1610 2311 1668 2341 per
1683 2302 1800 2333 d.num
1819 2303 1944 2341 Papam
1963 2302 2002 2333 de
2017 2303 2106 2333 certo
2124 2302 2229 2333 homi-

634 2360 715 2382 num
732 2360 903 2382 armorum
922 2353 955 2383 et
970 2352 1124 2392 equitum
1139 2361 1280 2385 numero
1294 2353 1331 2384 in
1351 2353 1552 2394 obsequium
1568 2363 1750 2386 armorum.
1769 2374 1805 2378 —
1822 2355 1921 2385 Dorso
1936 2355 2132 2395 perqamenis
2153 2354 2228 2396 leqi-

635 2410 685 2435 tur
701 2415 708 2435 z
730 2414 745 2435 «
763 2405 827 2436 Die
842 2410 890 2435 ιχ·
903 2414 978 2445 aug.
994 2405 1052 2436 isti
1067 2407 1303 2445 procuratores
1319 2407 1549 2446 promiserunt
1566 2408 1646 2438 dare
1663 2418 1681 2438 v
1697 2408 1771 2439 flor.
1788 2408 1875 2445 auri,
1887 2408 2085 2448 juraverunt
2101 2409 2133 2439 et
2151 2407 2228 2439 sub-

632 2458 810 2489 miserunt.
837 2458 994 2497 T[estes]‚
1014 2458 1187 2490 Arnaldus
1207 2459 1357 2496 Martini,
1382 2459 1492 2491 Guido
1509 2460 1550 2491 de
1572 2460 1785 2492 Carceribus.
1804 2470 1820 2492 »
1835 2460 1936 2501 (Oriq.
1959 2470 2049 2502 per-9.
2076 2470 2142 2491 cum
2162 2470 2228 2491 cor-

631 2510 706 2541 dula
726 2510 881 2552 canapis.)

679 2561 814 2593 23170.
831 2583 868 2588 -
883 2565 1044 2596 Instrum.
1061 2573 1127 2605 quo
1145 2566 1275 2597 constat
1289 2565 1419 2605 fratrem
1435 2565 1571 2596 Ulricum
1581 2565 1618 2596 de
1634 2566 1817 2607 Lentzburq,
1827 2567 1976 2607 priorem
1991 2567 2134 2598 fratrum
2151 2567 2229 2598 Ere-

633 2617 795 2649 mitarum
811 2618 851 2650 O.
874 2617 908 2649 S.
926 2618 982 2655 A„
997 2618 1119 2649 domus
1141 2618 1176 2649 in
1191 2618 1374 2659 Maguntia,
1387 2619 1427 2650 de
1445 2619 1558 2650 mand.
1579 2619 1725 2655 Mathiae,
1743 2620 1932 2660 Maguntini
1948 2619 2026 2659 epi,
2040 2619 2228 2650 inhibuisse

629 2670 804 2711 judicibus
822 2671 1008 2711 Maguntin.
1027 2680 1068 2703 ne
1093 2671 1127 2702 in
1141 2672 1260 2703 eadem
1277 2672 1369 2703 civit.
1384 2672 1566 2712 quamdam
1589 2673 1852 2713 appellationem
1869 2672 2031 2704 Ludovici
2049 2672 2144 2702 ducis
2167 2672 2225 2702 Ba-

632 2724 735 2755 variae
752 2725 868 2755 contra
889 2725 1055 2756 Joannem
1071 2725 1110 2755 P.
1124 2725 1161 2756 P.
1177 2725 1277 2756 XXII
1292 2725 1359 2765 legi
1377 2734 1438 2757 seu
1453 2734 1588 2765 quoquo
1605 2726 1704 2757 modo
1720 2725 1887 2765 publicari
1903 2725 2146 2765 permitterent.
2163 2724 2222 2755 Ac·

633 2779 705 2809 tum
731 2777 852 2809 ultima
877 2777 930 2809 die
954 2778 1069 2810 martii
1084 2787 1158 2818 quae
1182 2778 1246 2810 fuit
1264 2778 1299 2809 in
1317 2778 1371 2810 die
1394 2778 1564 2810 dominica
1588 2779 1785 2810 Palmarum
1805 2780 1892 2814 1325,
1911 2778 1978 2808 ind.
1996 2777 2102 2809 vilia.
2123 2776 2222 2816 (Or-iq.

630 2831 733 2872 perq.)

680 2881 814 2914 23171.
835 2903 872 2908 -
890 2884 1070 2915 Guillelmus
1090 2885 1126 2916 de
1144 2885 1284 2922 Perusio,
1300 2885 1340 2917 O.
1358 2886 1396 2917 F.
1417 2885 1468 2920 R,
1485 2886 1579 2925 prior
1598 2885 1663 2916 loci
1681 2886 1713 2916 et
1730 2893 1823 2916 conv.
1841 2883 1992 2915 eorumd.
2020 2883 2160 2913 fratrum
2183 2881 2224 2913 de‘

631 2937 798 2978 Eugubio,
814 2937 981 2977 publicari
998 2938 1077 2970 facit
1090 2947 1151 2978 per
1164 2939 1304 2970 fratrem
1319 2939 1503 2979 Ugolinum
1521 2939 1561 2970 de
1575 2938 1776 2978 Pratalonga
1791 2944 1968 2976 processus
1987 2936 2102 2967 contra
2116 2934 2227 2966 Ludo-

633 2990 760 3029 vicum‚
780 2991 900 3023 ducem
925 2991 1087 3030 Bavariae,
1106 2992 1142 3023 in
1163 2992 1244 3024 eccl.
1267 3001 1295 3023 s.
1312 2992 1450 3024 Martini
1465 2992 1506 3023 de
1524 2991 1688 3031 Eugubio.
1709 2990 1807 3030 (Oriq.
1821 2999 1908 3030 perq.
1922 2988 2070 3024 strictum,
2085 2987 2139 3018 sed
2158 2986 2223 3017 lon-

633 3045 731 3084 qum.)
