2592 3562
386 319 445 349 302

423 407 523 434 nutum
542 398 725 434 Avenione.

458 507 497 533 29
511 506 575 539 J'an.
597 504 684 531 1325.

466 555 508 578 (ιν
524 549 675 582 ku1.seb.)

496 594 527 621 T.
542 593 643 620 Lxxx.

531 770 567 798 Ut
587 778 611 796 s.

496 815 527 844 T.
550 813 645 841 xxiv.

456 1037 496 1064 30
510 1037 575 1071 jan.
595 1035 683 1063 1325.

463 1084 508 1116 (111
527 1079 585 1107 kal.
606 1079 678 1115 seb.)

498 1126 529 1152 T.
549 1124 645 1152 XVIII.

531 1195 566 1223 Ut
587 1203 610 1222 s.

481 1240 511 1267 T.
529 1240 574 1273 XI,
590 1238 660 1266 XIII.

456 1409 492 1436 31
509 1408 575 1442 jan.
596 1406 684 1435 1325.

470 1457 505 1487 (11
522 1453 581 1480 kal.
600 1452 670 1487 feb.)

519 1498 549 1525 T.
567 1498 623 1524 XX.

523 1729 559 1756 Ut
579 1737 602 1756 s.

494 1774 523 1800 T.
544 1773 639 1800 XXIV.

421 1943 434 1968 1
453 1941 537 1977 (kal.)
551 1941 605 1975 feb.
627 1941 714 1969 1325.

501 1986 531 2012 T.
550 1986 631 2013 XXX.

531 2100 566 2128 Ut
585 2109 609 2128 s.

493 2145 523 2172 T.
542 2145 634 2172 XXIV.

527 2261 561 2288 Ut
581 2269 603 2287 s.

494 2304 524 2331 T.
542 2305 636 2334 XXIV.

528 2420 563 2448 Ut
581 2429 605 2447 s.

501 2465 532 2492 T.
554 2465 632 2493 XXX.

389 2687 464 2721 2(1v
482 2686 561 2723 non.)
576 2687 630 2722 feb.
651 2687 739 2716 1325.

507 2731 537 2758 T.
559 2732 614 2759 XX.

785 311 957 343 JOANNIS
981 310 1098 341 PAPAE
1121 309 1222 340 XXII.
1246 310 1495 346 (1316-1334).
1518 326 1556 331 —-
1579 307 1765 338 LITTERAE
1786 307 2011 339 COMMUNES

858 498 993 531 21494.
1013 518 1051 523 -
1066 501 1201 531 Marte'no
1222 499 1259 530 de
1275 498 1450 535 Zacharia,
1467 498 1533 530 civi
1554 499 1711 534 Januen.,
1724 498 1826 529 facul.
1842 498 1884 529 ad
1897 497 2083 530 triennium
2104 498 2277 530 deferendi
2295 499 2413 531 masti-

813 564 896 592 cem,
916 564 989 594 quae
1005 554 1037 584 in
1056 553 1169 584 insula
1186 545 1261 584 Chii
1278 552 1441 588 nascitur,
1457 551 1499 583 ad
1515 553 1629 592 partes
1645 551 1862 583 Alexandriae
1879 553 1912 583 et
1927 552 2079 592 AEgypti,
2097 560 2174 583 cum
2189 553 2326 592 propter
2342 552 2413 584 ins-

813 610 938 640 tantem
954 609 973 638 J
978 616 1098 638 anuen.
1114 615 1270 646 guerram
1287 606 1377 636 dicta
1391 605 1519 636 mastix
1533 613 1599 635 non
1620 606 1754 636 ematur
1769 613 1788 635 a
1802 604 2051 636 mercatoribus
2065 604 2272 643 christianis,
2289 606 2323 637 et
2338 605 2412 646 ipse

812 662 978 693 Martinus
995 661 1143 701 cogatur,
1163 659 1250 690 alios
1265 658 1420 690 redditus
1438 666 1504 689 non
1522 657 1664 695 habenS,
1681 657 1855 689 remittere
1877 657 2121 698 stipendiarios
2135 666 2223 699 quos
2240 660 2333 691 tenet
2353 667 2413 699 pro

813 715 963 755 ejusdem
980 713 1100 744 insulae
1116 712 1323 743 defensione.
1339 711 1395 752 (A.
1411 712 1462 748 23,
1481 711 1504 742 f.
1519 713 1577 743 143
1593 716 1621 747 ·,·
1647 710 1679 741 V.
1697 712 1748 748 79,
1765 719 1818 751 ep.
1841 712 1946 751 1449.)

858 765 992 796 21195.
1010 783 1047 788 -
1065 765 1193 796 Archid.
1211 765 1367 805 Fiyiacen.
1391 763 1555 796 caturcen.
1574 768 1604 795 et
1623 762 1783 795 Guitlelmo
1800 763 1836 795 de
1859 763 2029 805 Rofilhaco,
2045 764 2249 804 Lemovicen„
2266 774 2302 797 αι·
2321 765 2414 797 Helai!

811 821 850 852 de
879 820 1060 855 Venlodoro,
1082 819 1304 859 Rolhomaqen.
1329 828 1396 849 can.
1416 817 1503 855 ech,
1521 817 1634 848 mand.
1652 819 1689 849 ut
1704 817 1893 849 Oliverium
1913 817 1954 849 de
1968 818 2126 850 Cornelio
2148 819 2357 851 transferant
2371 827 2415 852 ox

813 875 892 906 eccl.
911 874 1074 905 Sarlaten.
1096 873 1137 903 ad
1164 872 1310 902 monast.
1332 870 1500 909 Belliloci,
1518 871 1558 903 Ο.
1577 871 1611 903 S.
1629 871 1678 907 R,
1695 871 1911 902 Lemovicen.
1928 871 1989 908 di.,
2005 871 2104 912 eique
2127 871 2302 904 conferant
2325 872 2414 912 prio-

813 930 921 959 ratum
942 927 982 957 de
1003 926 1149 962 Afriaco‚
1168 925 1247 956 dicti
1265 925 1350 961 ord.‚
1376 924 1555 956 Caturcen.
1571 924 1631 962 di.,
1658 924 1699 955 ad
1722 923 1850 955 dictum
1866 925 2012 956 monast.
2029 925 2151 964 pertin.
2172 926 2205 956 et
2230 933 2290 965 per
2311 925 2350 957 P.
2373 925 2414 958 P.

813 981 968 1020 disposit.
984 988 1052 1010 suae
1066 979 1289 1009 reservatum.
1309 977 1362 1018 (A.
1379 979 1430 1016 23,
1448 977 1470 1008 f.
1482 979 1543 1009 456
1560 982 1588 1014 ¹;
1610 977 1646 1008 V.
1664 979 1713 1013 79,
1730 986 1783 1017 ep.
1801 978 1908 1016 2153.)

859 1030 993 1062 21196.
1008 1051 1045 1055 -
1061 1031 1186 1062 Alberto
1209 1030 1245 1062 de
1267 1029 1485 1069 Manchasolz‘s,
1511 1039 1614 1070 praep.
1633 1030 1713 1061 eccl.
1733 1030 1935 1068 Placentia„
1955 1030 2106 1071 dispens.
2125 1032 2163 1062 ut
2177 1031 2308 1063 ratione
2331 1039 2416 1072 proe·

813 1087 970 1127 positurae
993 1094 1062 1116 suae
1087 1094 1152 1116 non
1169 1086 1325 1116 teneatur
1344 1092 1452 1124 usque
1479 1084 1521 1115 ad
1539 1083 1727 1115 triennium
1743 1084 1785 1115 ad
1809 1083 2037 1116 sacerdotium
2060 1084 2265 1124 promoveri.
2285 1084 2339 1124 (A.
2359 1085 2411 1121 22,

813 1140 835 1171 f.
852 1141 911 1170 338
928 1145 955 1175 ³3
981 1139 1016 1170 V.
1032 1139 1082 1176 78,
1101 1147 1153 1178 ep.
1170 1138 1257 1176 636.)

857 1190 989 1221 21497.
1007 1209 1045 1214 -
1059 1191 1143 1232 May.
1158 1191 1325 1221 Francisco
1337 1190 1375 1221 de
1391 1189 1524 1221 Castello
1541 1199 1635 1230 prov.
1649 1198 1766 1222 canon.
1778 1190 1859 1222 eccl.
1874 1190 2093 1223 Suessionen.
2105 1190 2170 1222 sub
2183 1199 2279 1231 exsp.
2290 1190 2394 1232 praeb.
2402 1200 2412 1228 ;

812 1255 878 1277 non
906 1246 992 1277 obst.
1011 1254 1129 1276 canon.
1150 1246 1182 1276 et
1204 1243 1306 1284 praeb.
1327 1244 1407 1276 eccl.
1423 1253 1452 1275 s.
1467 1243 1676 1275 Evremundi
1693 1244 1734 1275 de
1749 1244 1870 1276 Castro
1890 1243 2054 1282 Credulii,
2072 1244 2250 1276 Belvacen.
2269 1244 2316 1276 di.
2329 1260 2369 1268 —
2383 1244 2413 1277 Ι.

812 1309 840 1331 e.
860 1309 903 1330 m.
920 1299 1046 1330 decano
1062 1297 1242 1335 parisien„
1258 1299 1290 1329 et
1307 1297 1433 1328 archid.
1448 1298 1489 1329 de
1505 1297 1667 1330 Ardenna
1682 1297 1857 1334 Leodien.‚
1874 1306 1912 1329 ac
1929 1297 2059 1330 cantori
2074 1297 2227 1338 eJusdem
2243 1297 2412 1330 Parisien.

812 1353 891 1385 eccl.
911 1353 962 1391 (A.
981 1353 1031 1389 23,
1052 1352 1074 1383 f.
1089 1353 1128 1382 59
1145 1356 1173 1387 ¹¹‚·
1195 1350 1227 1382 V.
1247 1352 1298 1388 78,
1316 1359 1369 1390 ep.
1386 1352 1490 1390 1139.)

856 1403 988 1435 21498.
1008 1424 1046 1428 -
1075 1405 1179 1435 Priori
1203 1404 1240 1435 de
1254 1404 1373 1435 Aur-ate
1393 1409 1422 1434 et
1442 1413 1540 1445 praep.
1565 1404 1772 1441 Avenionen„
1792 1414 1828 1434 ac
1852 1403 1972 1436 archid.
2002 1403 2238 1436 Veterismoresii
2265 1404 2413 1437 Tolosan-

810 1459 882 1490 eccl.
900 1459 1012 1491 mand.
1037 1460 1075 1490 ut
1092 1458 1256 1489 Loberico
1277 1458 1317 1489 de
1334 1458 1440 1489 Podio
1456 1457 1654 1495 Laurentio,
1672 1457 1752 1489 cler.
1775 1458 1925 1489 Vauren.
1946 1457 2006 1495 di.,
2032 1458 2096 1498 leg.
2117 1458 2318 1498 professori,
2333 1466 2414 1491 con-

811 1513 919 1544 ferant
937 1512 1073 1552 paroch.
1090 1512 1171 1543 eccl.
1188 1512 1229 1543 de
1245 1511 1462 1548 Colomeriis,
1479 1511 1639 1542 Tolosan.
1654 1511 1715 1550 di.,
1727 1511 1770 1542 ad
1788 1510 1864 1542 abb.
1876 1512 1910 1542 et
1925 1519 2022 1543 conv.
2034 1513 2179 1543 monast.
2195 1520 2223 1543 s.
2238 1512 2414 1544 Saturnini

811 1566 983 1603 Tolosan„
1006 1566 1044 1597 O.
1060 1566 1094 1597 S.
1113 1567 1166 1600 Α.,
1187 1565 1301 1596 collat.
1318 1565 1456 1604 pertin.,
1476 1566 1650 1596 vacantem
1673 1573 1734 1604 per
1753 1563 1884 1596 obitum
1905 1564 2032 1596 Vitalis
2047 1566 2080 1596 et
2095 1564 2175 1596 cler.
2192 1565 2307 1597 saecul.
2325 1566 2413 1598 assi-

810 1620 906 1660 gnari
934 1621 1129 1650 consuetam
1141 1629 1150 1655 ;
1167 1627 1234 1649 non
1262 1617 1349 1649 obst.
1374 1626 1492 1649 canon.
1519 1619 1552 1649 et
1565 1617 1669 1658 praeb.
1690 1617 1770 1649 eccl.
1792 1618 1832 1648 de
1853 1617 2018 1653 Burlatio‚
2047 1618 2201 1650 Castren.
2224 1619 2270 1650 di.
2288 1619 2342 1660 (A.
2360 1620 2413 1655 22,

811 1674 832 1704 f.
855 1675 916 1704 496
929 1678 956 1709 ²²;
983 1672 1015 1703 V.
1031 1673 1081 1709 78,
1099 1681 1151 1712 ep.
1169 1671 1256 1712 930.)
2290 1704 2293 1705 ⁷

856 1723 991 1755 21499.
1013 1744 1052 1748 —
1069 1725 1230 1756 Bernardo
1247 1725 1284 1756 de
1300 1735 1324 1756 s.
1340 1725 1490 1756 Mauritio
1515 1725 1667 1765 dispens.
1688 1726 1725 1756 ut
1743 1724 1878 1765 paroch.
1895 1725 1976 1756 eccl.
1993 1725 2034 1757 de
2050 1725 2234 1763 Olunzaco,
2253 1733 2282 1757 s.
2298 1725 2414 1758 Pontii

805 1781 1068 1812 >Thomeriarum
1094 1780 1153 1815 di.,
1173 1779 1319 1811 retinere
1337 1779 1461 1816 valeat,
1478 1778 1558 1810 licet
1575 1778 1608 1810 S.
1626 1780 1666 1810 A.
1688 1778 1833 1819 negotiis
1855 1780 2039 1819 occupatus
2055 1778 2097 1810 ad
2114 1787 2230 1811 sacros
2247 1779 2319 1811 ord.
2337 1787 2413 1820 pro-

810 1834 938 1866 moveri
958 1842 1023 1864 non
1041 1842 1076 1864 se
1092 1833 1182 1871 fecit,
1201 1834 1234 1864 et
1251 1841 1327 1863 cum
1346 1832 1498 1872 dispens.
1516 1833 1553 1863 ut
1569 1841 1677 1872 usque
1695 1832 1736 1863 ad
1754 1831 1931 1863 biennium
1953 1840 2021 1863 non
2042 1833 2198 1863 teneatur
2215 1832 2287 1864 ord.
2304 1833 2411 1865 susci-

810 1896 888 1927 pere
905 1887 1055 1918 eosdem.
1076 1887 1126 1924 (A.
1144 1888 1195 1923 23,
1213 1886 1235 1917 f.
1253 1887 1312 1917 543
1327 1891 1356 1923 ⁸3
1380 1885 1412 1916 V.
1428 1887 1478 1923 79,
1497 1893 1550 1925 ep.
1565 1886 1671 1924 2373.)

854 1938 989 1969 21500.
1007 1958 1045 1962 -—
1063 1939 1197 1980 Indulg.
1222 1939 1376 1979 plenaria
1405 1939 1447 1970 ad
1464 1938 1650 1970 triennIum
1666 1947 1758 1969 conc.
1785 1937 1923 1969 omnibus
1953 1937 2070 1969 Christi
2092 1937 2236 1979 fidelibus
2260 1938 2298 1970 de
2315 1948 2412 1979 regno

809 1994 979 2034 Hunqariae
1002 2002 1087 2034 quos
1110 1993 1143 2024 in
1163 1993 1254 2024 hello
1270 1993 1387 2024 contra
1406 1991 1652 2029 schismatis-oe,
1676 1992 1849 2029 Tartaros‚
1872 1999 2022 2032 paganos
2045 1991 2199 2032 aliasque
2223 1992 2413 2032 permixtas

808 2048 963 2079 nationes
979 2046 1171 2078 infidelium
1186 2046 1274 2077 mori
1296 2045 1486 2086 contigerit.
1506 2045 1558 2082 (A.
1572 2046 1623 2082 22,
1641 2045 1663 2077 f.
1681 2046 1720 2077 89
1736 2044 1765 2082 1>;
1790 2045 1826 2076 V.
1844 2046 1894 2082 78,
1912 2053 1964 2084 ep.
1981 2044 2070 2084 212.)

852 2098 991 2130 21501.
1013 2117 1050 2122 -
1074 2099 1207 2130 Henrico
1221 2108 1290 2140 ep.o
1313 2097 1483 2130 Tridentin.
1507 2098 1628 2130 indult.
1653 2100 1690 2130 ut
1711 2098 1834 2130 Joanni
1858 2098 1928 2138 regi
1951 2098 2121 2130 Bohemiae
2146 2098 2181 2129 in
2199 2098 2355 2130 consiliis
2377 2099 2412 2130 et

807 2154 886 2186 aliis
900 2163 972 2194 quae
991 2154 1056 2184 sibi
1072 2152 1268 2184 incumbent
1281 2161 1390 2192 usque
1409 2152 1450 2183 ad
1467 2151 1643 2183 biennium
1660 2151 1823 2183 assistere
1838 2151 1960 2183 valeat.
1980 2151 2031 2189 (A.
2054 2152 2107 2187 22,
2122 2151 2144 2183 f.
2171 2153 2231 2184 370
2244 2151 2279 2190 '³;
2301 2151 2338 2183 V.
2359 2152 2412 2190 78,

808 2217 860 2247 ep.
877 2207 965 2247 525.)

851 2258 990 2290 21502.
1010 2279 1048 2284 --
1066 2260 1107 2290 N.
1124 2269 1152 2290 v.
1169 2259 1303 2290 Andreae
1322 2263 1392 2289 nato
1419 2258 1532 2289 Odonis
1548 2258 1584 2289 de
1606 2257 1817 2288 Palummaria
1839 2259 1872 2289 et
1890 2258 2025 2290 cuidam
2043 2258 2121 2290 filiae
2138 2267 2172 2289 n.
2189 2267 2221 2289 v.
2238 2258 2412 2291 Francisci

807 2314 887 2346 dicti
904 2315 944 2346 de
961 2315 1063 2351 Luco,
1082 2313 1241 2345 Sabinen.
1257 2315 1290 2344 et
1305 2312 1441 2344 Reatin.
1460 2312 1520 2350 di.,
1538 2312 1689 2352 dispens.
1706 2320 1809 2352 super
1827 2316 1879 2343 ιιιο
1895 2313 1928 2343 et
1943 2316 1992 2343 1v⁰
2008 2312 2229 2352 consanguin.
2247 2311 2412 2352 gradihus

807 2368 841 2398 in
857 2367 1004 2399 matrim.
1028 2366 1266 2398 contrahendo.
1284 2366 1336 2406 (A.
1355 2367 1406 2404 22,
1421 2365 1444 2396 f.
1457 2367 1517 2398 306
1533 2370 1564 2403 ²3
1590 2365 1623 2396 V.
1637 2367 1686 2403 78,
1704 2374 1757 2405 ep.
1775 2365 1862 2405 680.)

851 2418 988 2451 21503.
1006 2440 1042 2444 -
1062 2421 1155 2451 Petro
1170 2430 1239 2461 ep.o
1262 2419 1469 2450 Silvanecten.
1485 2418 1586 2450 facul.
1605 2418 1823 2450 contrahendi
1844 2419 2001 2450 mutuum
2028 2420 2107 2450 1500
2127 2418 2200 2450 flor.
2229 2418 2316 2455 auri,
2335 2427 2413 2450 cum

807 2476 898 2506 tanto
923 2475 1097 2514 prematur
1116 2482 1216 2505 onere
1235 2473 1429 2505 debitorum
1449 2472 1540 2513 quod
1554 2472 1708 2503 redditus
1725 2472 1779 2503 sui
1797 2480 1980 2503 usurarum
1997 2471 2160 2512 voragine
2178 2471 2410 2508 assorbentur.

806 2536 867 2559 nec
880 2528 980 2559 habet
994 2528 1035 2558 ad
1051 2536 1202 2567 praesens
1219 2527 1308 2558 unde
1323 2525 1548 2557 creditoribus
1566 2525 1640 2556 suis
1654 2524 1852 2556 satisfacere
1866 2525 1977 2556 valeat
1992 2524 2061 2556 nisi
2075 2533 2116 2557 ex
2129 2524 2325 2556 venditione
2341 2524 2413 2557 bla-

807 2582 925 2612 dorum
942 2589 1080 2612 suorum
1098 2589 1172 2620 quae
1190 2580 1224 2611 in
1246 2571 1318 2611 illis
1342 2578 1497 2619 partibus
1514 2579 1548 2609 in
1567 2579 1662 2610 tanta
1679 2578 1839 2610 dicuntur
1857 2578 2006 2610 existere
2018 2578 2162 2616 vilitate,
2187 2578 2278 2618 quod
2294 2578 2355 2610 vix
2369 2587 2413 2610 ex

806 2635 857 2666 eis
873 2634 936 2665 sub
953 2634 1190 2674 qualicumque
1205 2633 1314 2673 pretio
1332 2634 1444 2673 potest
1461 2632 1605 2672 pecunia
1621 2631 1779 2663 inveniri.
1799 2631 1853 2672 (A.
1877 2633 1930 2670 22,
1952 2631 1977 2663 f.
1995 2633 2054 2664 343
2072 2636 2101 2668 ·;
2131 2631 2164 2662 V.
2188 2632 2238 2667 78,
2255 2640 2308 2672 ep.
2326 2632 2412 2671 714.)

850 2684 991 2717 21501.
1007 2704 1046 2709 --
1063 2686 1203 2718 Arnaldo
1218 2697 1242 2718 s.
1262 2685 1428 2716 Eustachii
1445 2685 1525 2716 diac.
1542 2685 1627 2716 card.
1651 2685 1753 2717 facul.
1771 2685 1959 2725 recipiendi
1983 2684 2233 2725 resignationes
2248 2692 2292 2716 ex
2308 2693 2412 2717 causa

806 2742 988 2780 permutat.
1007 2740 1178 2771 faciendas
1199 2749 1218 2771 a
1238 2739 1411 2771 Bernardo
1430 2747 1506 2778 ep.o
1525 2738 1718 2770 Tusculano
1745 2738 1786 2770 de
1805 2738 1959 2778 prioratu
1982 2738 2023 2770 de
2050 2737 2220 2776 Chalesio,
2245 2738 2284 2770 O.
2304 2738 2338 2770 S.
2355 2738 2410 2776 B„

806 2794 1019 2825 Xanctonen.
1036 2794 1094 2830 di.,
1113 2803 1132 2825 a
1147 2794 1293 2825 monast.
1314 2801 1342 2824 s.
1367 2791 1535 2834 MartiaIis
1557 2791 1772 2823 Lemovicen.
1788 2791 1870 2822 dicti
1891 2791 1963 2822 ord.
1985 2791 2208 2831 dependente,
2227 2792 2260 2823 et
2278 2799 2298 2822 a
2314 2790 2410 2823 Guil-

806 2846 909 2878 lelmo
925 2847 965 2877 de
982 2847 1175 2878 Ventadoro
1192 2847 1233 2877 de
1249 2845 1407 2877 sacristia
1433 2844 1633 2877 monasterii
1657 2844 1878 2882 salmodien„
1902 2844 1984 2876 dicti
2009 2844 2095 2882 ord.‚
2121 2845 2329 2877 Nemausen.
2349 2844 2411 2883 di.,

807 2908 937 2931 necnon
952 2899 1180 2931 transferendi
1200 2899 1358 2931 eumdem
1382 2898 1607 2930 Guillelmum
1633 2898 1675 2929 ad
1702 2898 1830 2929 dictum
1847 2899 1993 2929 monast.
2012 2906 2041 2929 s.
2065 2897 2245 2936 Martialis,
2270 2899 2304 2929 et
2323 2898 2409 2929 eisd.

807 2953 896 2984 dicta
912 2952 1022 2989 benef.
1043 2953 1142 2993 juxta
1158 2953 1342 2992 permutat.
1366 2951 1572 2983 conferendi.
1595 2951 1756 2991 Sequitur
1777 2951 1929 2991 dispens.
1955 2959 2058 2991 super
2075 2951 2199 2991 plural.
2218 2950 2328 2983 benef.
2348 2959 2411 2990 pro

807 3006 924 3037 eodem
941 3014 1027 3045 ep.o,
1047 3005 1241 3045 professore
1257 3006 1295 3038 O.
1313 3005 1351 3037 F.
1368 3005 1413 3037 M.
1428 3004 1479 3046 (A.
1498 3005 1550 3040 22,
1569 3004 1591 3036 f.
1609 3005 1669 3036 384
1684 3009 1713 3041 ⁸3
1739 3002 1774 3036 V.
1791 3005 1841 3042 78,
1860 3012 1912 3044 ep.
1933 3003 2020 3045 649.)
