2592 3562
231 1625 336 1652 Datum
355 1619 539 1654 Avenione.

274 1727 315 1755 29
333 1733 386 1756 oct.
411 1727 498 1756 1324.

279 1772 322 1808 (1v
338 1772 397 1800 kal.
414 1771 495 1807 now)

273 2046 311 2074 31
322 2046 388 2080 jan.
407 2044 495 2073 1325.

291 2095 325 2127 (11
339 2091 399 2118 kal.
413 2090 483 2122 feb.)

342 2257 380 2285 Ut
399 2265 423 2284 s.

280 2364 318 2392 14
333 2364 387 2398 feb.
407 2363 495 2393 1325.

252 2410 316 2444 (xw
335 2408 395 2437 kal.
415 2409 518 2445 mart.)

343 2577 380 2605 Ut
398 2585 422 2606 s.

236 2686 250 2712 1
265 2685 350 2721 (kal.)
366 2692 428 2721 apr.
446 2683 532 2713 1325.

407 696 1069 800 JOANNIS
1160 698 1584 797 PAPAE
1677 701 2012 801 XXII

1023 882 1407 953 (1316-1334)

707 1100 1166 1173 LITTERAE
1231 1099 1358 1171 DE
1416 1098 1723 1172 CURIA

1024 1428 1026 1430 ’
1055 1424 1092 1472 Α
1109 1424 1150 1472 Ν
1169 1423 1210 1471 Ν
1231 1423 1239 1470 Ι
1301 1422 1363 1471 ΙΧ

877 1522 915 1569 (5
937 1524 1032 1571 sept.
1058 1521 1168 1559 1324
1190 1542 1240 1548 —
1261 1522 1288 1558 4
1308 1523 1399 1570 sept.
1423 1520 1550 1570 1325)

672 1722 810 1755 23119.
823 1742 861 1747 -
873 1725 1106 1764 Prorogantur
1121 1733 1140 1755 a
1151 1723 1237 1755 festo
1253 1723 1285 1755 b.
1303 1723 1439 1754 Martini
1452 1723 1666 1754 Confessoris
1677 1732 1784 1764 usque
1801 1724 1842 1755 ad
1857 1724 1981 1756 festum
1992 1726 2223 1759 Resurrectio-

627 1779 682 1810 nis
696 1779 777 1810 D.ni
795 1778 950 1818 proxime
963 1779 1143 1808 venturum
1159 1779 1284 1817 treugae
1300 1786 1358 1816 per
1373 1777 1410 1808 P.
1429 1777 1467 1808 P.
1489 1777 1622 1807 indictae
1638 1778 1725 1808 inter
1738 1778 1908 1817 quondam
1923 1779 2120 1817 Amedeum,
2144 1781 2224 1812 tunc

627 1833 808 1870 viventem,
832 1833 864 1863 et
882 1840 914 1862 n.
937 1840 968 1863 v.
993 1831 1202 1867 Eduardum,
1220 1830 1360 1862 comites
1387 1829 1575 1868 Sabaudiae,
1603 1831 1636 1861 et
1656 1830 1835 1862 Aimonem
1861 1831 1900 1862 de
1924 1831 2102 1871 Sabamfia,
2128 1833 2221 1871 cler.¹

628 1886 701 1926 ejus
722 1885 824 1923 filios,
841 1893 883 1916 ex
900 1893 979 1922 una,
996 1885 1028 1915 et
1045 1884 1230 1915 Henricum
1248 1883 1290 1915 el.
1313 1884 1436 1914 Meten.
1452 1884 1484 1914 et
1505 1891 1536 1913 n.
1555 1892 1587 1914 v.
1608 1883 1808 1923 Guigonem‚
1830 1884 2027 1924 dalphinum
2042 1886 2220 1924 viennen„

627 1939 782 1979 partibus
799 1947 842 1969 ex
857 1938 963 1969 altera
977 1939 1084 1977 parte.
1100 1956 1135 1960 -
1153 1937 1179 1968 I.
1198 1946 1227 1968 e.
1244 1945 1289 1967 m.
1311 1945 1386 1976 ep.0
1403 1936 1727 1976 Gratianopolitano,
1746 1937 1778 1968 et
1794 1937 1932 1968 officiali
1945 1938 2107 1978 archiep.i
2119 1939 2220 1971 Vien-

628 1992 756 2024 nensis.
779 1992 831 2027 (A.
854 1993 904 2028 22,
925 1991 948 2021 f.
965 1992 1005 2022 48
1019 1996 1046 2027 ²3
1069 1989 1103 2022 V.
1122 1992 1171 2026 78,
1190 1999 1242 2030 ep.
1263 1991 1292 2025 1,
1313 1989 1347 2020 de
1366 1989 1479 2029 curia.)

674 2042 810 2074 23120.
834 2063 871 2067 -
885 2045 1010 2076 Omnes
1025 2043 1214 2075 oblationes
1229 2045 1261 2075 et
1279 2043 1432 2074 redditus
1450 2042 1688 2082 provenientes
1704 2052 1721 2074 e
1737 2043 1863 2083 maj0re
1880 2044 1978 2075 altari
1994 2045 2074 2076 eccl.
2089 2050 2221 2077 monast.

628 2109 653 2130 s.
671 2098 766 2129 Pauli
783 2098 820 2129 de
837 2097 927 2135 Urbe,
945 2097 987 2128 ad
998 2098 1039 2129 R.
1060 2098 1096 2129 Ε,
1117 2097 1211 2128 nullo
1227 2089 1339 2128 medio
1363 2096 1500 2136 pertin„
1527 2095 1566 2127 Ο.
1591 2096 1625 2128 S.
1653 2097 1703 2133 B„
1735 2096 1771 2126 in
1796 2105 1861 2136 quo
1891 2097 2082 2129 venerabile
2101 2107 2222 2138 corpus

628 2152 782 2191 eJusdem
799 2151 907 2182 sancti
931 2150 1153 2182 celeberrima
1177 2150 1342 2181 memoria
1357 2149 1552 2189 requiescit,
1569 2149 1794 2180 conceduntur
1816 2158 1876 2189 pro
1896 2158 1994 2189 opere
2015 2151 2155 2182 mosaici
2173 2152 2220 2183 in-

629 2205 716 2245 cepti
731 2205 766 2235 in
779 2204 863 2235 facie
880 2203 988 2243 eJusd.
1006 2203 1167 2234 ecclesiae.
1189 2203 1242 2242 (A.
1262 2204 1312 2240 22,
1332 2203 1355 2233 f.
1370 2204 1410 2233 48
1424 2202 1458 2240 ἱ),
1482 2202 1518 2234 V.
1543 2204 1594 2240 78,
1617 2211 1668 2242 ep.
1686 2204 1705 2233 2
1720 2202 1760 2240 A,
1781 2202 1817 2233 de
1833 2203 1943 2242 curia.)

674 2254 808 2286 23121,
830 2274 868 2279 -
886 2256 1019 2287 Andreae
1033 2266 1101 2297 ep.o
1119 2255 1328 2293 Terracinen.,
1344 2256 1444 2295 Papae
1461 2256 1495 2286 in
1516 2255 1755 2296 spiritualibus
1783 2255 1818 2286 in
1835 2255 1926 2287 Urbe
1943 2256 2080 2295 vicario,
2110 2258 2222 2289 mand.

629 2312 666 2343 ut
682 2310 912 2350 supradictam
927 2309 1181 2341 concessionem
1196 2308 1370 2340 observari
1384 2310 1489 2340 curet.
1510 2309 1560 2347 (A.
1576 2310 1626 2346 22,
1646 2308 1669 2339 f.
1689 2310 1727 2339 48
1740 2308 1768 2346 ¹³3
1792 2308 1825 2339 V.
1841 2310 1890 2346 78,
1905 2318 1956 2349 ep.
1972 2310 1992 2340 2
2007 2310 2044 2347 B,
2061 2309 2097 2341 de
2111 2311 2223 2350 curia.)

674 2361 811 2393 23122.
830 2379 868 2385 -
883 2362 1001 2403 Anqelo
1028 2372 1095 2403 ep.o
1119 2361 1289 2393 Viterbien.
1311 2361 1534 2393 committitur
1555 2361 1738 2393 vicariatus
1759 2362 1795 2392 in
1811 2362 2047 2402 spiritualibus
2070 2363 2111 2394 ad
2130 2364 2162 2394 S.
2182 2364 2223 2395 A.

627 2417 879 2458 beneplacitum
895 2416 931 2447 in
943 2415 1048 2452 Urbe,
1064 2424 1140 2446 cum
1156 2415 1315 2446 facultate
1338 2414 1500 2445 visitandi
1526 2414 1640 2445 omnia
1663 2416 1809 2446 monast.
1830 2418 1862 2446 et
1878 2415 1951 2460 loca
1971 2416 2157 2447 ecclesiast.
2176 2417 2223 2456 ip-

629 2471 701 2503 sius
713 2470 818 2503 Urbis
832 2469 886 2501 vel
903 2477 1007 2509 prope
1026 2469 1147 2509 ipsam,
1163 2469 1321 2508 exempta
1339 2469 1371 2499 et
1385 2476 1451 2498 non
1469 2468 1637 2507 exempta.
1654 2467 1706 2507 (A.
1725 2468 1774 2505 22,
1794 2467 1817 2498 f.
1834 2469 1871 2499 51
1889 2468 1924 2506 ῦς
1948 2468 1983 2499 V.
2001 2470 2051 2505 78,
2069 2478 2122 2509 ep.
2137 2471 2168 2507 8,
2188 2469 2225 2500 de

628 2524 741 2564 curia.)

672 2574 810 2607 23123.
829 2594 867 2598 -
882 2575 958 2607 Eid.
975 2575 1092 2606 vicario
1108 2583 1199 2606 conc.
1229 2575 1378 2614 potestas
1399 2573 1560 2605 visitandi
1584 2573 1664 2605 eccl.
1695 2575 1728 2605 et
1743 2575 1888 2606 monast.
1909 2583 1936 2605 s.
1955 2574 2052 2605 Pauli
2067 2575 2106 2606 de
2121 2574 2224 2612 Urbe,

626 2630 887 2671 inquisitionem
903 2629 1048 2660 faciendi
1065 2629 1097 2659 et
1114 2627 1312 2668 corrigenda
1323 2627 1524 2666 corrigendi.
1536 2626 1590 2667 (A.
1607 2627 1657 2663 20,
1673 2626 1695 2657 f.
1712 2628 1750 2658 52
1763 2632 1792 2665 ⁸3
1811 2627 1846 2658 V.
1864 2628 1912 2664 78,
1927 2635 1979 2667 ep.
1996 2628 2044 2664 10,
2058 2627 2096 2657 de
2111 2627 2224 2666 curia.)

672 2680 810 2714 23124.
829 2701 867 2706 -
884 2681 1060 2713 Bertrando
1075 2691 1098 2712 s.
1117 2680 1260 2712 Marcelli
1275 2680 1376 2721 presb.
1394 2679 1493 2717 card„
1511 2680 1550 2711 A.
1573 2680 1608 2711 S.
1625 2679 1747 2720 legato,
1765 2680 1878 2711 mand.
1896 2681 1933 2710 ut
1949 2679 2126 2719 compellat
2141 2680 2223 2711 Ver-

627 2738 755 2769 sutium
769 2737 809 2768 de
827 2736 953 2773 Laudo,
969 2735 1127 2769 militem,
1145 2735 1187 2765 ad
1205 2733 1483 2765 satisfaciendum
1500 2733 1631 2764 devotis
1648 2733 1690 2764 R.
1707 2733 1745 2764 E.
1760 2732 1957 2764 extrinsecis
1975 2734 2071 2763 terrae
2087 2732 2222 2763 Medoe-

626 2791 720 2828 tien.,
741 2790 966 2822 Mediolanen.
986 2788 1045 2826 di„
1061 2787 1212 2828 plenarie
1230 2787 1270 2818 de
1281 2786 1437 2827 pecuniis
1451 2795 1511 2826 per
1525 2786 1639 2826 ipsum
1651 2786 1780 2817 exactis
1795 2785 1924 2816 ratione
1937 2784 2028 2815 bladi
2040 2784 2221 2824 stipendia-

626 2843 688 2875 riis
706 2843 813 2884 ejusd.
831 2842 911 2874 eccl.
929 2842 1012 2874 olim
1029 2840 1230 2881 dispensati,
1247 2849 1324 2871 cum
1339 2839 1420 2870 dicti
1437 2839 1620 2870 extrinseci
1641 2838 1682 2870 ob
1704 2837 1889 2878 potentiam
1907 2837 2051 2869 Galeatii
2071 2836 2110 2868 de
2125 2836 2222 2868 Vice-

626 2896 808 2929 comitibus
824 2895 963 2927 exulare
978 2895 1159 2935 cogantur3
1177 2893 1324 2925 instante
1334 2893 1464 2924 Joanne
1476 2891 1663 2928 Zenalaico,
1678 2899 1793 2922 eorum
1807 2889 2061 2921 ambasciatore.
2081 2889 2131 2927 (A.
2145 2890 2185 2920 22
2198 2889 2220 2927 ¹,

626 2949 650 2981 f.
668 2951 728 2982 464
745 2954 770 2987 ¹,
792 2948 828 2980 de
844 2948 957 2988 curia.)

661 3061 682 3086 1.
700 3060 734 3086 In
750 3060 880 3092 margine
891 3059 1000 3091 legitur
1017 3066 1023 3084 :
1042 3067 1052 3082 ‹
1070 3058 1183 3083 Attende
1197 3058 1229 3082 de
1242 3057 1325 3082 curia.
1346 3066 1355 3079 υ
