2592 3562
357 349 395 379 70

387 436 490 463 Datum
505 428 688 463 Avenione.

423 642 465 670 23
479 641 544 676 jan.
567 640 654 669 1324.

443 689 473 720 (x
489 685 548 713 kal.
568 685 638 721 feb.)

447 731 479 759 T.
496 730 542 763 XI,
564 730 635 758 XIII.

424 853 464 881 25
477 853 541 888 jan.
565 852 652 880 1324.

425 901 491 933 (v111
506 898 565 925 kal.
583 897 652 930 feb.)

499 943 529 970 T.
550 943 579 970 L.

423 1547 464 1574 26
479 1546 543 1580 Jan.
567 1545 655 1573 1324.

430 1591 485 1628 (vn
505 1590 563 1618 kal.
579 1590 650 1624 seb.)

487 1636 517 1663 T.
537 1635 592 1662 XL.

499 1760 535 1788 Ut
553 1768 576 1787 s,

460 1805 490 1832 T.
511 1805 544 1839 X,
564 1804 622 1832 XII.

498 1921 534 1948 Ut
552 1929 575 1948 s.

496 2187 532 2215 Ut
552 2196 576 2215 s.

446 2233 476 2260 T.
492 2233 538 2266 xl,
559 2233 630 2259 xm.

498 2349 533 2376 Ut
551 2357 574 2375 s.

497 2562 533 2590 Ut
549 2571 572 2589 s.

387 2607 434 2635 Gr.
454 2615 504 2642 pro
521 2614 585 2642 nep.
607 2608 687 2635 card.

500 2722 536 2750 Ut
552 2731 575 2750 s.

427 2767 474 2795 Gr.
491 2775 543 2802 pro
559 2766 647 2796 socio.

499 2934 536 2963 Ut
551 2943 574 2962 s.

443 2979 473 3006 T.
490 2979 536 3014 XI,
552 2979 623 3007 XIII.

750 340 924 373 JOANNIS
948 340 1068 372 PAPAE
1089 340 1192 372 XXII.
1217 342 1467 381 (1316-1334).
1489 360 1528 366 -
1551 341 1738 373 LITTERAE
1761 341 1987 374 COMMUNES

782 534 947 573 expectet.
964 551 1003 556 —
1018 533 1044 564 Ι.
1063 542 1091 565 e.
1106 542 1153 565 m.
1169 542 1244 574 ep.o
1262 535 1295 566 et
1309 534 1433 566 Joanni
1449 534 1490 566 de
1507 535 1693 567 Vivacuria
1709 534 1894 575 praedictIS,
1911 543 1949 566 ac
1964 543 2052 575 mag.
2072 534 2220 568 Geraldo
2235 535 2276 568 de
2291 535 2386 573 Lalo,

783 586 884 626 Papae
900 595 987 627 cap„
1005 595 1078 619 can.
1097 587 1349 619 Claromonten.
1368 588 1448 620 eccl.
1469 588 1523 629 (A.
1541 589 1591 623 20,
1610 588 1633 620 f.
1651 590 1706 620 391
1726 588 1758 626 ¹²3
1784 587 1816 620 V.
1839 590 1888 625 76,
1907 596 1959 629 ep.
1981 587 2068 629 657.)

829 636 965 668 18917.
982 657 1021 662 -
1041 639 1209 671 Benedicta
1227 645 1298 671 nato
1312 640 1473 672 Francisci
1491 641 1611 672 Amidei
1628 641 1664 672 de
1677 641 1814 679 Steeone‚
1828 650 1900 672 can.
1916 641 1996 673 eccl.
2013 641 2192 674 Vulteran.
2209 641 2273 674 sub
2290 651 2387 682 exsp.

782 692 900 732 praeb.,
918 701 1013 733 prov.
1030 702 1149 725 canon.
1167 693 1317 734 plebisS.
1332 694 1377 726 M.
1390 694 1535 731 Aretin.,
1552 703 1627 735 quae
1641 695 1737 726 unita
1746 695 1817 726 fore
1831 694 1955 726 dicitur
1967 694 2048 726 eccl.
2065 695 2197 726 Aretin.
2212 695 2276 726 sub
2289 703 2386 736 exsp.

782 745 886 786 praeb.
902 763 942 769 —
958 747 984 777 Ι.
1003 755 1031 778 e.
1052 755 1097 778 m.
1115 747 1286 787 arehiep.o
1302 747 1431 785 P1san.,
1448 749 1481 779 et
1495 757 1571 788 ep.o
1587 748 1806 786 Urbevetan.,
1821 757 1858 780 ac
1870 748 2014 788 plebano
2025 748 2137 788 plebis
2152 748 2186 780 S.
2203 749 2247 780 M.
2265 749 2307 781 de
2321 750 2389 781 An·

782 799 931 835 teferris‚
950 800 1081 831 Aretin.
1100 800 1145 832 di.
1165 801 1218 839 (A.
1237 802 1287 838 20,
1305 801 1327 832 f.
1345 801 1405 833 269
1418 801 1451 837 ῦς
1476 801 1512 832 V.
1533 802 1583 840 76,
1603 810 1655 842 ep.
1673 801 1761 842 438.)

829 850 966 883 18918.
985 870 1023 876 -
1036 853 1205 894 Arclziep.o
1224 853 1498 894 Compostellanen.
1518 872 1558 878 —-
1576 855 1746 895 Exposuit
1766 855 1908 887 Garsias
1926 855 2026 895 Lupi,
2043 863 2132 894 mag.
2150 855 2222 886 ord.
2239 855 2389 887 Calatra-

783 915 858 937 ven.
876 906 911 937 in
929 907 1109 947 Hispania,
1127 907 1217 947 quod
1232 909 1309 947 post
1324 908 1551 939 cassationem
1573 908 1645 940 ord.
1670 908 1802 940 militiae
1820 909 1955 948 Templi
1975 909 2247 940 Jerosolimitani
2264 909 2306 940 cl.
2323 917 2388 941 me.

782 960 984 991 Fernandus
999 969 1058 991 rex
1074 960 1242 995 castellae,
1262 961 1371 1001 quide
1387 961 1500 992 mand.
1516 962 1549 993 S.
1567 962 1608 993 A.
1626 961 1714 993 bona
1730 962 1812 993 dicti
1830 962 1901 993 ord.
1919 962 2054 1002 Templi
2071 962 2106 993 in
2120 970 2224 1002 regno
2241 963 2274 994 et
2290 962 2391 994 terris

783 1013 856 1044 suis
876 1014 1099 1045 consistentia
1117 1014 1159 1045 ad
1175 1023 1297 1045 manus
1312 1022 1393 1045 suas
1410 1016 1594 1054 receperat,
1609 1015 1763 1055 quaedam
1786 1017 1910 1053 castra,
1928 1015 2080 1047 Toletan.
2098 1015 2157 1054 di.,
2178 1015 2260 1047 olim
2279 1015 2388 1056 ejusd.

783 1067 855 1098 ord.
872 1067 1020 1107 Templi,
1038 1067 1202 1107 magistro
1219 1068 1290 1099 ord.
1309 1067 1442 1099 militiae
1468 1068 1509 1099 de
1537 1068 1720 1099 Alcantara
1744 1069 1966 1100 custodienda
1989 1068 2173 1106 commisit,
2191 1070 2222 1101 et
2238 1069 2392 1109 Sigei-ius

782 1120 886 1157 Petri,
906 1129 995 1161 mag.
1015 1121 1097 1152 dicti
1117 1121 1188 1152 ord.
1206 1121 1247 1152 de
1261 1121 1455 1159 Alcantara,
1471 1121 1531 1161 qui
1553 1130 1643 1152 nunc
1665 1123 1727 1158 est,
1750 1123 1861 1153 castra
1886 1122 2047 1161 praedicta
2064 1122 2129 1154 eid.
2150 1131 2239 1162 mag.
2258 1122 2392 1154 militiae

782 1173 996 1205 calatraven.
1012 1174 1175 1206 similiter
1188 1174 1410 1206 custodienda
1425 1175 1598 1206 commisit
1607 1184 1616 1212 ;
1634 1175 1791 1215 quodque
1802 1176 2032 1215 postmodum,
2051 1175 2151 1207 bonis
2165 1176 2247 1207 dicti
2262 1175 2391 1216 quond.

783 1227 854 1258 ord.
873 1227 1009 1267 Templi
1024 1225 1187 1267 hospitali
1204 1236 1232 1258 s.
1248 1228 1392 1259 Joannis
1409 1228 1681 1260 Jerosolimitani
1698 1237 1757 1268 per
1772 1229 1805 1260 S.
1822 1229 1863 1260 A.
1881 1229 2074 1268 applicatis,
2086 1229 2181 1269 prior
2192 1229 2301 1269 ejusd.
2315 1229 2392 1261 hos-

782 1280 900 1320 pitalis
918 1281 1120 1320 magistrum
1136 1281 1350 1312 Calatraven.
1380 1281 1562 1321 requisivit
1589 1283 1627 1312 ut
1656 1281 1723 1312 sibi
1750 1282 1899 1313 traderet
1921 1282 2011 1313 dicta
2027 1284 2151 1320 castra,
2175 1284 2208 1314 et
2228 1283 2308 1314 licet
2324 1283 2390 1314 iste

783 1334 947 1373 magistro
965 1334 1005 1365 de
1021 1334 1216 1372 Alcantara,
1231 1336 1333 1374 prout
1347 1334 1503 1372 debebat,
1525 1335 1615 1366 dicta
1638 1336 1749 1366 castra
1765 1335 1965 1371 restituerit,
1993 1337 2108 1367 tamen
2133 1336 2176 1367 ad
2190 1336 2391 1368 instantiam

783 1387 891 1427 ejusd.
911 1387 1037 1427 prioris
1056 1387 1370 1419 excommunicatus
1385 1387 1519 1427 publice
1533 1388 1597 1419 fuit
1610 1388 1846 1419 denunciatus.
1862 1389 1974 1424 Quare
1991 1389 2084 1429 Papa
2098 1390 2237 1421 mandat
2250 1389 2391 1430 praefato

784 1440 953 1480 archiep.o
969 1442 1006 1471 ut
1022 1440 1125 1472 faciat
1142 1449 1244 1480 super
1271 1441 1462 1480 praemissis
1480 1441 1571 1481 quod
1594 1441 1731 1480 Justitia
1753 1441 1921 1473 suadebit.
1946 1442 2000 1482 (A.
2026 1443 2077 1481 20,
2105 1443 2129 1474 f.
2147 1444 2205 1474 273
2222 1442 2256 1480 b,
2287 1442 2321 1474 V.
2339 1444 2390 1480 77,

783 1502 836 1533 ep.
853 1493 939 1532 147.)

830 1544 964 1576 18919.
981 1565 1019 1569 -
1040 1546 1224 1578 Cancellatae
1238 1552 1266 1577 et
1283 1546 1544 1586 Brantholmien„
1561 1547 1791 1589 Petraqoricen.
1808 1548 1863 1585 di.,
1881 1554 2011 1579 monast.
2027 1548 2109 1586 abb„
2125 1559 2160 1580 ac
2175 1549 2270 1580 Heliae
2285 1548 2322 1580 de
2336 1549 2392 1580 Pe-

785 1600 929 1640 traqoris,
946 1599 1063 1630 archid.
1081 1600 1327 1641 Petrayoricen„
1344 1601 1457 1632 mand.
1469 1602 1517 1638 ut,
1538 1601 1567 1632 si
1579 1602 1773 1633 invenerint
1787 1601 1923 1633 Heliam
1938 1601 2014 1634 abb.
2032 1604 2179 1634 monast.
2193 1611 2220 1634 s.
2235 1602 2392 1643 Eupartii

782 1653 1029 1693 Engolismen.,
1046 1654 1084 1686 O.
1099 1654 1133 1685 S.
1150 1655 1202 1691 Β.,
1232 1654 1333 1685 senili
1360 1655 1470 1693 aetate,
1493 1656 1646 1695 corporis
1668 1655 1904 1688 imbecillitate
1931 1657 1964 1687 et
1989 1656 2173 1688 incurabili
2193 1656 2391 1688 infirmitate

783 1707 1003 1744 confractum,
1022 1707 1172 1747 aliquem
1189 1707 1419 1747 coadjutorem
1436 1708 1502 1740 eid.
1519 1709 1691 1748 deputent.
1712 1709 1763 1748 (A.
1781 1710 1831 1747 20,
1849 1709 1868 1740 f.
1887 1711 1948 1741 249
1965 1709 1995 1746 ¹³3
2016 1709 2050 1740 V.
2064 1712 2115 1748 76,
2135 1719 2188 1750 ep.
2206 1710 2292 1750 399.)

830 1758 964 1790 18920.
983 1778 1023 1783 -
1038 1761 1154 1791 Manno
1171 1760 1281 1791 Jacobi
1299 1761 1408 1792 Celloli
1425 1761 1463 1792 de
1477 1762 1621 1793 Mevania
1638 1771 1734 1802 prov.
1751 1771 1869 1794 canon.
1885 1763 1965 1795 eccl.
1984 1772 2013 1795 s.
2029 1763 2218 1796 Salvatoris
2231 1764 2392 1805 Fulgina-

782 1815 850 1846 ten.
865 1813 929 1845 sub
945 1822 1041 1854 exsp.
1058 1814 1161 1854 praeb.
1182 1832 1219 1837 —-
1234 1815 1261 1846 I.
1281 1824 1310 1846 e.
1328 1823 1374 1846 m.
1392 1824 1419 1847 s.
1435 1815 1594 1847 Silvestri
1605 1817 1638 1847 et
1655 1825 1683 1848 s.
1699 1816 1873 1848 Vincentii
1886 1817 1926 1848 de
1940 1817 2095 1848 Mevania
2107 1817 2294 1857 prioribus,
2310 1817 2392 1858 Spo-

782 1868 885 1899 letan.
904 1868 962 1905 di.,
981 1877 1019 1899 ac
1038 1868 1165 1899 archid.
1183 1869 1224 1899 de
1242 1868 1402 1900 Ardenna
1423 1869 1458 1900 in
1474 1870 1553 1900 eccl.
1570 1870 1729 1901 Leodien.
1753 1870 1804 1908 (A.
1821 1872 1872 1905 20,
1891 1870 1914 1901 f.
1932 1871 1991 1901 427
2008 1876 2037 1908 ²3
2060 1870 2096 1902 V.
2117 1873 2167 1908 76,
2187 1879 2240 1911 ep.
2264 1872 2350 1911 702.)

829 1919 965 1951 18921.
984 1938 1022 1943 -
1041 1922 1213 1953 Raimundo
1230 1921 1343 1952 Amelii
1359 1922 1395 1952 de
1419 1922 1528 1953 Panna
1547 1931 1642 1962 prOV.
1663 1932 1783 1955 canon.
1802 1923 1883 1955 eccl.
1902 1923 2039 1955 Albien.
2072 1923 2136 1955 sub
2155 1933 2252 1964 exsp.
2270 1925 2389 1965 praeb.,

781 1975 887 2015 dign,
906 1975 961 2006 vel
974 1977 1179 2015 personatus
1196 1984 1255 2007 seu
1270 1976 1326 2007 off.
1343 1985 1371 2007 c.
1391 1985 1419 2007 c.
1436 1976 1490 2007 vel
1506 1985 1534 2008 s.
1555 1985 1582 2007 c.
1598 1986 1607 2013 3
1628 1985 1745 2008 canon.
1770 1978 1884 2009 autem
1899 1978 1933 2008 et
1949 1976 2052 2017 praeb.
2069 1977 2151 2009 eccl.
2169 1977 2323 2010 Toletan.
2342 1979 2392 2010 di-

781 2029 905 2066 mittat,
922 2030 954 2060 et
967 2029 1147 2060 irritantur
1162 2029 1274 2069 quoad
1289 2029 1380 2070 dign.
1398 2029 1520 2061 litterae
1533 2031 1641 2069 apost.
1657 2039 1801 2070 quarum
1816 2032 1904 2062 auct.
1924 2039 2042 2062 canon.
2060 2031 2141 2063 eccl.
2155 2032 2304 2064 Vauren.
2325 2032 2390 2064 sub

781 2091 877 2122 exsp.
896 2082 999 2122 praeb.
1016 2084 1048 2114 et
1063 2083 1155 2123 dign.
1187 2082 1327 2114 obtinet.
1347 2101 1386 2106 —
1401 2083 1428 2114 I.
1443 2091 1472 2114 e.
1491 2092 1536 2114 m.
1555 2083 1630 2115 abb.
1645 2085 1792 2115 monast.
1807 2084 1975 2122 Belliloci‚
1990 2086 2023 2116 et
2039 2084 2146 2125 priori
2163 2093 2191 2117 s.
2210 2085 2388 2122 Antonini,

780 2136 971 2167 Ruthenen.
998 2136 1057 2173 di.,
1075 2145 1112 2167 ac
1131 2145 1234 2176 praep.
1255 2136 1336 2168 eccl.
1355 2137 1565 2168 Avenionen.
1585 2137 1638 2177 (A.
1657 2138 1707 2173 20,
1728 2137 1751 2168 f.
1765 2139 1825 2169 526
1843 2137 1874 2175 b;
1897 2137 1929 2169 V.
1947 2140 1997 2176 77,
2015 2147 2068 2178 ep.
2088 2139 2194 2179 1112.)

827 2186 961 2219 18922.
981 2206 1020 2211 -—
1039 2190 1159 2220 leomae
1168 2189 1205 2220 de
1221 2189 1319 2220 Laval
1334 2199 1429 2230 prov.
1448 2199 1566 2222 canon.
1582 2191 1870 2222 eccl.Atrebaten.
1884 2191 1949 2222 sub
1963 2200 2059 2231 exsp.
2074 2192 2178 2232 praeb.
2193 2202 2203 2230 3
2220 2201 2288 2224 non
2300 2192 2389 2225 obst.

780 2243 892 2275 benef.
912 2243 966 2275 hic
983 2252 1050 2274 non
1068 2243 1255 2283 expressis.
1273 2262 1310 2266 —
1326 2244 1351 2275 1.
1373 2252 1402 2275 e.
1427 2253 1471 2275 m.
1489 2244 1618 2275 archid.
1647 2245 1848 2282 Tornacen.‚
1875 2246 1908 2276 et
1925 2245 2027 2277 Petro
2052 2245 2093 2277 de
2114 2255 2142 2278 s,
2167 2246 2388 2287 Leodegario,

780 2297 966 2334 Turonen.,
976 2305 1014 2328 ac
1031 2297 1172 2328 Nicolao
1180 2297 1220 2328 de
1234 2297 1395 2334 Condeto,
1408 2297 1628 2329 Aurelianen.
1641 2307 1715 2329 can.
1728 2298 1808 2330 eccl.
1821 2299 1874 2337 (A.
1885 2300 1937 2336 20,
1951 2299 1974 2330 f.
1986 2301 2047 2331 496
2056 2298 2090 2337 ¹³3
2108 2299 2144 2330 V.
2156 2302 2206 2337 77,
2218 2309 2270 2340 ep.
2283 2301 2389 2339 1144.)

827 2347 962 2380 18923.
982 2368 1019 2373 -
1037 2350 1178 2390 Remiyio
1192 2350 1228 2381 de
1242 2361 1266 2380 s.
1286 2351 1466 2391 Marqareta
1483 2360 1578 2391 prov.
1602 2360 1719 2383 canon.
1745 2353 1824 2384 eccl.
1843 2353 2046 2384 Ambianen.
2065 2353 2128 2384 sub
2145 2362 2242 2394 exsp.
2258 2353 2363 2394 praeb.
2377 2364 2388 2391 3

780 2413 848 2436 non
866 2404 954 2436 obst.
971 2404 1134 2441 cantoria,
1153 2413 1270 2436 canon.
1291 2406 1324 2436 et
1337 2404 1441 2445 praeb.
1458 2413 1485 2435 s.
1500 2405 1624 2446 Reguli
1641 2405 1881 2443 Silvanecien„
1898 2415 1937 2437 ac
1952 2415 2070 2439 canon.
2088 2406 2152 2438 sub
2168 2416 2264 2448 exsp.
2283 2407 2387 2448 praeb.

780 2457 966 2489 Lexovien.
985 2458 1065 2489 eccl.
1085 2474 1123 2479 —
1141 2458 1167 2488 I.
1186 2467 1214 2489 e.
1234 2467 1280 2489 m.
1299 2457 1376 2490 abb.
1392 2460 1537 2490 monast.
1555 2467 1584 2491 s.
1599 2459 1740 2491 Acheoli
1759 2468 1864 2500 prope
1881 2460 2075 2498 Ambianis‚
2087 2461 2120 2492 et
2135 2461 2262 2493 decano
2278 2461 2388 2493 Silva-

780 2513 926 2548 necten.,
944 2520 982 2542 ac
996 2512 1126 2542 cantori
1140 2511 1297 2551 Baj00en.
1315 2512 1396 2543 eccl.
1418 2512 1472 2553 (A.
1489 2513 1539 2550 20,
1559 2512 1581 2543 f.
1598 2513 1658 2545 580
1673 2518 1703 2549 ⁸3
1731 2513 1766 2544 V.
1787 2515 1836 2549 77,
1854 2522 1906 2553 ep.
1928 2513 2035 2553 1254.)

826 2561 962 2598 18924,
983 2583 1022 2588 -
1039 2565 1173 2595 Bercddo
1189 2565 1226 2596 de
1242 2564 1339 2602 Ser-is,
1357 2565 1464 2605 priori
1480 2566 1594 2597 saecul.
1613 2566 1693 2598 eccl.
1715 2575 1744 2598 s.
1762 2567 1918 2606 Caprasii
1933 2567 2122 2607 Agennen.,
2143 2576 2221 2608 nep.
2243 2568 2388 2600 Arnaldi

780 2618 813 2650 S.
833 2618 878 2650 Μ.
898 2618 934 2649 in
949 2618 1089 2650 Porticu
1104 2619 1190 2649 diac.
1205 2619 1295 2650 card.
1314 2619 1472 2659 supplic„
1490 2619 1652 2660 indulget.
1676 2621 1713 2651 ut
1733 2628 1843 2660 usque
1861 2620 1902 2651 ad
1928 2620 2114 2652 triennium
2128 2621 2239 2661 possit
2251 2621 2330 2662 jura
2344 2622 2390 2654 ci-

780 2671 863 2703 vilia
881 2671 993 2712 legere
1009 2673 1042 2703 et
1058 2672 1187 2703 audire.
1204 2672 1259 2712 (A.
1276 2673 1325 2710 21,
1346 2672 1368 2703 s.
1386 2674 1425 2705 96
1440 2678 1474 2710 ’ς
1498 2673 1532 2704 V.
1555 2675 1604 2709 77,
1622 2682 1674 2714 ep.
1693 2674 1798 2713 1294.)

826 2722 961 2754 18925.
980 2725 1113 2766 -Μαφ
1132 2725 1225 2756 Petro
1236 2725 1388 2763 Ascolini,
1406 2726 1488 2757 dicto
1504 2726 1540 2757 de
1557 2726 1644 2763 Hivo,
1661 2727 1761 2767 Papae
1779 2727 1949 2767 scriptori,
1961 2736 2056 2767 prov.
2070 2736 2188 2759 canon.
2206 2727 2271 2759 sub
2289 2737 2386 2770 exsp.

780 2778 884 2818 praeb.
904 2779 984 2810 eccl.
1001 2779 1206 2815 Lexovien.;
1226 2788 1293 2811 non
1309 2779 1396 2811 obst.
1416 2780 1552 2819 paroch.
1579 2781 1660 2812 eccl.
1692 2789 1720 2812 s.
1746 2780 1927 2813 Genovefae
1945 2781 1980 2812 in
2003 2782 2122 2822 Brayo,
2139 2781 2387 2823 Rothomagen.

781 2832 840 2869 di.,
856 2833 889 2864 et
907 2832 968 2864 lite
986 2841 1089 2872 super
1105 2832 1242 2872 paroch.
1260 2833 1340 2865 eccl.
1359 2842 1388 2864 s.
1405 2833 1560 2865 Severini
1582 2834 1751 2865 Parisien.
1768 2851 1807 2857 —
1821 2834 1849 2865 Ι.
1870 2843 1899 2866 e.
1917 2843 1962 2865 m.
1978 2843 2080 2875 praep.
2100 2834 2332 2874 Mirapiscen.,
2355 2838 2389 2868 et

781 2886 908 2918 archid.
928 2885 1188 2926 Rothomagen.,
1209 2895 1246 2918 ac
1262 2887 1461 2926 praecentori
1477 2887 1650 2928 Urgellen.
1674 2888 1756 2919 eccl.
1776 2887 1831 2928 (A.
1849 2889 1900 2925 21,
1924 2887 1948 2919 f.
1965 2889 2024 2920 368
2038 2893 2067 2924 ⁸,-
2091 2887 2123 2918 V.
2142 2890 2191 2925 77,
2212 2897 2264 2929 ep.
2284 2890 2388 2930 1895.)

828 2936 961 2969 18926.
979 2957 1018 2962 —
1033 2939 1150 2971 Joanni
1173 2939 1210 2971 de
1231 2939 1380 2971 Vaucellis
1399 2949 1494 2981 prov.
1513 2949 1631 2973 canon.
1658 2941 1739 2973 eccl.
1757 2941 1943 2973 Tornacen.
1965 2941 2028 2972 sub
2054 2949 2151 2982 exsp.
2179 2942 2282 2981 praeb.
2297 2952 2306 2981 3
2321 2952 2389 2975 non

781 2993 870 3026 obst.
891 3002 1010 3025 canon.
1029 2994 1111 3025 eccl.
1126 2994 1343 3034 Andegaven.
1371 2994 1434 3026 sub
1451 3003 1549 3035 exsp.
1577 2994 1680 3035 praeb.
1700 3012 1736 3017 —
1763 2994 1789 3025 I.
1811 3003 1840 3026 e.
1867 3004 1913 3026 m.
1934 2995 2064 3026 cantori
2087 2995 2337 3035 constantien,
2355 2998 2389 3029 et

2584 3457 2592 3562 --.m-2...
2585 3425 2592 3447 u.
2586 3387 2592 3415 n.
2588 3368 2592 3375 .
2589 3353 2592 3358 .
2586 3314 2592 3338 ν...
2587 3284 2592 3298 ,.
