<?xml version="1.0" encoding="UTF-8"?>
<!DOCTYPE html PUBLIC "-//W3C//DTD XHTML 1.0 Transitional//EN"
    "http://www.w3.org/TR/xhtml1/DTD/xhtml1-transitional.dtd">
<html xmlns="http://www.w3.org/1999/xhtml" xml:lang="en" lang="en">
 <head>
  <title>
</title>
<meta http-equiv="Content-Type" content="text/html;charset=utf-8" />
  <meta name='ocr-system' content='tesseract 3.04.00' />
  <meta name='ocr-capabilities' content='ocr_page ocr_carea ocr_par ocr_line ocrx_word'/>
</head>
<body>
  <div class='ocr_page' id='page_1' title='image "./lettrescommunes05romeuoft_0227.png"; bbox 0 0 2592 3562; ppageno 0'>
   <div class='ocr_carea' id='block_1_1' title="bbox 384 317 2175 358">
    <p class='ocr_par' dir='ltr' id='par_1_1' title="bbox 384 317 2175 358">
     <span class='ocr_line' id='line_1_1' title="bbox 384 317 2175 358; baseline -0.006 -1"><span class='ocrx_word' id='word_1_1' title='bbox 384 324 636 358; x_wconf 82' lang='lat' dir='ltr'>APPENDICES</span> <span class='ocrx_word' id='word_1_2' title='bbox 660 324 714 355; x_wconf 80' lang='lat' dir='ltr'><strong>AD</strong></span> <span class='ocrx_word' id='word_1_3' title='bbox 737 322 930 354; x_wconf 83' lang='lat' dir='ltr'><strong>OCTAVUM</strong></span> <span class='ocrx_word' id='word_1_4' title='bbox 953 321 1147 352; x_wconf 85' lang='lat' dir='ltr'>BULLARII</span> <span class='ocrx_word' id='word_1_5' title='bbox 1168 320 1340 351; x_wconf 83' lang='lat' dir='ltr'>JOANNIS</span> <span class='ocrx_word' id='word_1_6' title='bbox 1363 319 1453 350; x_wconf 90' lang='lat' dir='ltr'>XXII</span> <span class='ocrx_word' id='word_1_7' title='bbox 1476 319 1634 350; x_wconf 87' lang='lat' dir='ltr'><strong>ANNUM.</strong></span> <span class='ocrx_word' id='word_1_8' title='bbox 1657 336 1695 342; x_wconf 91' lang='lat'><strong>·-</strong></span> <span class='ocrx_word' id='word_1_9' title='bbox 1718 318 1955 358; x_wconf 81' lang='lat'>(1316—1334)</span> <span class='ocrx_word' id='word_1_10' title='bbox 2116 317 2175 347; x_wconf 77' lang='lat'><strong>217</strong></span> 
     </span>
    </p>
   </div>
   <div class='ocr_carea' id='block_1_2' title="bbox 231 509 2178 664">
    <p class='ocr_par' dir='ltr' id='par_1_2' title="bbox 231 509 2178 664">
     <span class='ocr_line' id='line_1_2' title="bbox 231 509 2177 554; baseline -0.003 -7"><span class='ocrx_word' id='word_1_11' title='bbox 231 519 273 547; x_wconf 74' lang='lat'><strong>22</strong></span> <span class='ocrx_word' id='word_1_12' title='bbox 286 519 342 554; x_wconf 75' lang='lat' dir='ltr'><strong>jul.</strong></span> <span class='ocrx_word' id='word_1_13' title='bbox 361 518 449 547; x_wconf 72' lang='grc'><strong>4324.</strong></span> <span class='ocrx_word' id='word_1_14' title='bbox 629 512 766 545; x_wconf 82' lang='grc'><strong>20600.</strong></span> <span class='ocrx_word' id='word_1_15' title='bbox 787 512 1060 545; x_wconf 83' lang='lat' dir='ltr'><strong>—Praesentatio</strong></span> <span class='ocrx_word' id='word_1_16' title='bbox 1078 511 1144 543; x_wconf 88' lang='lat' dir='ltr'><strong>litt.</strong></span> <span class='ocrx_word' id='word_1_17' title='bbox 1164 511 1307 543; x_wconf 87' lang='lat' dir='ltr'><strong>rectoris</strong></span> <span class='ocrx_word' id='word_1_18' title='bbox 1332 511 1474 542; x_wconf 82' lang='lat' dir='ltr'><strong>ducatus</strong></span> <span class='ocrx_word' id='word_1_19' title='bbox 1495 510 1681 550; x_wconf 65' lang='lat' dir='ltr'><strong>spoletan,</strong></span> <span class='ocrx_word' id='word_1_20' title='bbox 1704 511 1737 542; x_wconf 90' lang='lat' dir='ltr'><strong>et</strong></span> <span class='ocrx_word' id='word_1_21' title='bbox 1756 510 1914 542; x_wconf 85' lang='lat' dir='ltr'><strong>Falconis</strong></span> <span class='ocrx_word' id='word_1_22' title='bbox 1939 510 1979 542; x_wconf 91' lang='lat' dir='ltr'><strong>de</strong></span> <span class='ocrx_word' id='word_1_23' title='bbox 2002 509 2177 547; x_wconf 84' lang='lat' dir='ltr'><strong>Sistarico,</strong></span> 
     </span>
     <span class='ocr_line' id='line_1_3' title="bbox 585 563 2178 606; baseline -0.004 -6"><span class='ocrx_word' id='word_1_24' title='bbox 585 569 624 602; x_wconf 94' lang='grc' dir='ltr'><strong>Ο.</strong></span> <span class='ocrx_word' id='word_1_25' title='bbox 642 569 680 600; x_wconf 83' lang='lat' dir='ltr'><strong>F.</strong></span> <span class='ocrx_word' id='word_1_26' title='bbox 697 568 752 603; x_wconf 78' lang='lat' dir='ltr'><strong>P..</strong></span> <span class='ocrx_word' id='word_1_27' title='bbox 767 566 878 598; x_wconf 88' lang='lat' dir='ltr'><strong>nuntii</strong></span> <span class='ocrx_word' id='word_1_28' title='bbox 896 567 1020 606; x_wconf 59' lang='lat' dir='ltr'><strong>apost„</strong></span> <span class='ocrx_word' id='word_1_29' title='bbox 1049 565 1138 596; x_wconf 76' lang='lat' dir='ltr'><strong>facta</strong></span> <span class='ocrx_word' id='word_1_30' title='bbox 1156 564 1347 602; x_wconf 87' lang='lat' dir='ltr'><strong>Perusinis,</strong></span> <span class='ocrx_word' id='word_1_31' title='bbox 1372 565 1409 595; x_wconf 94' lang='lat' dir='ltr'><strong>ut</strong></span> <span class='ocrx_word' id='word_1_32' title='bbox 1428 563 1609 595; x_wconf 78' lang='lat' dir='ltr'><strong>restituant</strong></span> <span class='ocrx_word' id='word_1_33' title='bbox 1631 563 1665 595; x_wconf 86' lang='lat' dir='ltr'><strong>S.</strong></span> <span class='ocrx_word' id='word_1_34' title='bbox 1692 564 1734 595; x_wconf 85' lang='lat' dir='ltr'><strong>R.</strong></span> <span class='ocrx_word' id='word_1_35' title='bbox 1751 563 1789 594; x_wconf 88' lang='grc' dir='ltr'><strong>Ε.</strong></span> <span class='ocrx_word' id='word_1_36' title='bbox 1811 563 1983 595; x_wconf 86' lang='lat' dir='ltr'><strong>civitatem</strong></span> <span class='ocrx_word' id='word_1_37' title='bbox 2007 563 2178 604; x_wconf 76' lang='lat' dir='ltr'><strong>Spoletan.</strong></span> 
     </span>
     <span class='ocr_line' id='line_1_4' title="bbox 583 621 869 664; baseline -0.017 -9"><span class='ocrx_word' id='word_1_38' title='bbox 583 622 637 664; x_wconf 85' lang='lat' dir='ltr'><strong>(A.</strong></span> <span class='ocrx_word' id='word_1_39' title='bbox 650 622 691 653; x_wconf 77' lang='lat' dir='ltr'><strong>A.</strong></span> <span class='ocrx_word' id='word_1_40' title='bbox 707 621 869 657; x_wconf 69' lang='lat' dir='ltr'><strong>Inurum.)</strong></span> 
     </span>
    </p>
   </div>
   <div class='ocr_carea' id='block_1_3' title="bbox 237 669 2182 818">
    <p class='ocr_par' dir='ltr' id='par_1_3' title="bbox 237 669 2182 818">
     <span class='ocr_line' id='line_1_5' title="bbox 307 669 2178 712; baseline -0.002 -8"><span class='ocrx_word' id='word_1_41' title='bbox 307 676 344 704; x_wconf 86' lang='lat' dir='ltr'><strong>Ut</strong></span> <span class='ocrx_word' id='word_1_42' title='bbox 356 684 381 704; x_wconf 81' lang='lat' dir='ltr'><strong>s.</strong></span> <span class='ocrx_word' id='word_1_43' title='bbox 629 672 766 705; x_wconf 77' lang='lat'><strong>20601.</strong></span> <span class='ocrx_word' id='word_1_44' title='bbox 789 692 826 697; x_wconf 90' lang='lat'>—</span> <span class='ocrx_word' id='word_1_45' title='bbox 843 672 1034 705; x_wconf 88' lang='lat' dir='ltr'><strong>Publicatio</strong></span> <span class='ocrx_word' id='word_1_46' title='bbox 1047 679 1270 712; x_wconf 84' lang='lat' dir='ltr'><strong>processuum</strong></span> <span class='ocrx_word' id='word_1_47' title='bbox 1285 671 1401 702; x_wconf 87' lang='lat' dir='ltr'><strong>contra</strong></span> <span class='ocrx_word' id='word_1_48' title='bbox 1415 670 1595 702; x_wconf 87' lang='lat' dir='ltr'><strong>Firmanos</strong></span> <span class='ocrx_word' id='word_1_49' title='bbox 1614 670 1647 702; x_wconf 86' lang='lat' dir='ltr'><strong>et</strong></span> <span class='ocrx_word' id='word_1_50' title='bbox 1666 669 1854 702; x_wconf 86' lang='lat' dir='ltr'><strong>Fabrianos</strong></span> <span class='ocrx_word' id='word_1_51' title='bbox 1875 670 1911 701; x_wconf 90' lang='lat' dir='ltr'><strong>in</strong></span> <span class='ocrx_word' id='word_1_52' title='bbox 1927 670 2083 710; x_wconf 89' lang='lat' dir='ltr'><strong>pluribus</strong></span> <span class='ocrx_word' id='word_1_53' title='bbox 2097 670 2178 703; x_wconf 87' lang='lat' dir='ltr'><strong>eccl.</strong></span> 
     </span>
     <span class='ocr_line' id='line_1_6' title="bbox 584 726 1053 767; baseline -0.013 -6"><span class='ocrx_word' id='word_1_54' title='bbox 584 729 742 761; x_wconf 79' lang='lat' dir='ltr'><strong>Esculan.</strong></span> <span class='ocrx_word' id='word_1_55' title='bbox 760 728 812 767; x_wconf 79' lang='lat' dir='ltr'><strong>(A.</strong></span> <span class='ocrx_word' id='word_1_56' title='bbox 832 726 872 758; x_wconf 83' lang='lat' dir='ltr'><strong>A.</strong></span> <span class='ocrx_word' id='word_1_57' title='bbox 893 726 1053 764; x_wconf 66' lang='lat' dir='ltr'><strong>[nstv-um.)</strong></span> 
     </span>
     <span class='ocr_line' id='line_1_7' title="bbox 237 776 2182 818; baseline -0.001 -8"><span class='ocrx_word' id='word_1_58' title='bbox 237 784 250 810; x_wconf 79' lang='grc'><strong><em>4</em></strong></span> <span class='ocrx_word' id='word_1_59' title='bbox 273 790 338 818; x_wconf 73' lang='grc' dir='ltr'><strong><em>αιιρ.</em></strong></span> <span class='ocrx_word' id='word_1_60' title='bbox 357 781 444 810; x_wconf 69' lang='grc'><strong>4324.</strong></span> <span class='ocrx_word' id='word_1_61' title='bbox 630 779 765 812; x_wconf 82' lang='grc'><strong>20602.</strong></span> <span class='ocrx_word' id='word_1_62' title='bbox 785 799 823 805; x_wconf 87' lang='grc'>-</span> <span class='ocrx_word' id='word_1_63' title='bbox 841 779 1065 812; x_wconf 86' lang='lat' dir='ltr'><strong>Praesentatio</strong></span> <span class='ocrx_word' id='word_1_64' title='bbox 1080 778 1147 809; x_wconf 88' lang='lat' dir='ltr'><strong>litt.</strong></span> <span class='ocrx_word' id='word_1_65' title='bbox 1159 777 1300 810; x_wconf 87' lang='lat' dir='ltr'><strong>Roberti</strong></span> <span class='ocrx_word' id='word_1_66' title='bbox 1315 777 1355 808; x_wconf 89' lang='lat' dir='ltr'><strong>de</strong></span> <span class='ocrx_word' id='word_1_67' title='bbox 1371 776 1555 816; x_wconf 87' lang='lat' dir='ltr'><strong>Albarupe,</strong></span> <span class='ocrx_word' id='word_1_68' title='bbox 1568 777 1711 808; x_wconf 87' lang='lat' dir='ltr'><strong>rectoris</strong></span> <span class='ocrx_word' id='word_1_69' title='bbox 1723 777 1936 815; x_wconf 87' lang='lat' dir='ltr'><strong>Patrimonii,</strong></span> <span class='ocrx_word' id='word_1_70' title='bbox 1952 776 2040 809; x_wconf 83' lang='lat' dir='ltr'><strong>facta</strong></span> <span class='ocrx_word' id='word_1_71' title='bbox 2051 778 2138 817; x_wconf 85' lang='lat' dir='ltr'><strong>ep.is</strong></span> <span class='ocrx_word' id='word_1_72' title='bbox 2149 778 2182 809; x_wconf 90' lang='lat' dir='ltr'><strong>et</strong></span> 
     </span>
    </p>
   </div>
   <div class='ocr_carea' id='block_1_4' title="bbox 222 830 2188 1301">
    <p class='ocr_par' dir='ltr' id='par_1_4' title="bbox 585 830 2184 983">
     <span class='ocr_line' id='line_1_8' title="bbox 585 830 2182 873; baseline -0.004 -5"><span class='ocrx_word' id='word_1_73' title='bbox 585 835 823 868; x_wconf 87' lang='lat' dir='ltr'><strong>communibus</strong></span> <span class='ocrx_word' id='word_1_74' title='bbox 841 834 939 865; x_wconf 83' lang='lat' dir='ltr'><strong>dictae</strong></span> <span class='ocrx_word' id='word_1_75' title='bbox 953 831 1137 873; x_wconf 77' lang='lat' dir='ltr'><strong>provinciae</strong></span> <span class='ocrx_word' id='word_1_76' title='bbox 1154 839 1215 871; x_wconf 90' lang='lat' dir='ltr'><strong>pro</strong></span> <span class='ocrx_word' id='word_1_77' title='bbox 1231 830 1459 870; x_wconf 81' lang='lat' dir='ltr'><strong>publicatione</strong></span> <span class='ocrx_word' id='word_1_78' title='bbox 1474 838 1695 869; x_wconf 88' lang='lat' dir='ltr'><strong>processuum</strong></span> <span class='ocrx_word' id='word_1_79' title='bbox 1719 830 1835 861; x_wconf 85' lang='lat' dir='ltr'><strong>contra</strong></span> <span class='ocrx_word' id='word_1_80' title='bbox 1851 831 2032 866; x_wconf 85' lang='lat' dir='ltr'><strong>Bavarum,</strong></span> <span class='ocrx_word' id='word_1_81' title='bbox 2053 830 2182 862; x_wconf 85' lang='lat' dir='ltr'><strong>ambas·</strong></span> 
     </span>
     <span class='ocr_line' id='line_1_9' title="bbox 586 882 2184 928; baseline -0.003 -7"><span class='ocrx_word' id='word_1_82' title='bbox 586 890 731 922; x_wconf 87' lang='lat' dir='ltr'><strong>ciatores</strong></span> <span class='ocrx_word' id='word_1_83' title='bbox 747 888 832 928; x_wconf 86' lang='lat' dir='ltr'><strong>ejus,</strong></span> <span class='ocrx_word' id='word_1_84' title='bbox 850 895 965 927; x_wconf 86' lang='lat' dir='ltr'><strong>ep.um</strong></span> <span class='ocrx_word' id='word_1_85' title='bbox 981 885 1127 921; x_wconf 88' lang='lat' dir='ltr'><strong>Aretin.,</strong></span> <span class='ocrx_word' id='word_1_86' title='bbox 1141 884 1322 916; x_wconf 90' lang='lat' dir='ltr'><strong>Firmanos</strong></span> <span class='ocrx_word' id='word_1_87' title='bbox 1339 884 1372 916; x_wconf 88' lang='lat' dir='ltr'><strong>et</strong></span> <span class='ocrx_word' id='word_1_88' title='bbox 1385 882 1585 920; x_wconf 86' lang='lat' dir='ltr'><strong>Fabrianos‚</strong></span> <span class='ocrx_word' id='word_1_89' title='bbox 1601 891 1639 914; x_wconf 90' lang='lat' dir='ltr'><strong>ac</strong></span> <span class='ocrx_word' id='word_1_90' title='bbox 1652 883 1890 915; x_wconf 80' lang='lat' dir='ltr'><strong>vicecomites.</strong></span> <span class='ocrx_word' id='word_1_91' title='bbox 1908 901 1946 906; x_wconf 95' lang='lat'><em>-</em></span> <span class='ocrx_word' id='word_1_92' title='bbox 1960 883 2046 916; x_wconf 83' lang='lat' dir='ltr'><strong>Item</strong></span> <span class='ocrx_word' id='word_1_93' title='bbox 2062 884 2184 916; x_wconf 70' lang='lat' dir='ltr'><strong>litterae</strong></span> 
     </span>
     <span class='ocr_line' id='line_1_10' title="bbox 586 936 1764 983; baseline -0.008 -8"><span class='ocrx_word' id='word_1_94' title='bbox 586 943 694 983; x_wconf 86' lang='lat' dir='ltr'><strong>ejusd.</strong></span> <span class='ocrx_word' id='word_1_95' title='bbox 710 941 853 974; x_wconf 87' lang='lat' dir='ltr'><strong>rectoris</strong></span> <span class='ocrx_word' id='word_1_96' title='bbox 869 940 957 981; x_wconf 87' lang='lat' dir='ltr'><strong>ep.is</strong></span> <span class='ocrx_word' id='word_1_97' title='bbox 972 941 1005 971; x_wconf 88' lang='lat' dir='ltr'><strong>et</strong></span> <span class='ocrx_word' id='word_1_98' title='bbox 1018 937 1257 971; x_wconf 84' lang='lat' dir='ltr'><strong>communibus</strong></span> <span class='ocrx_word' id='word_1_99' title='bbox 1274 936 1456 977; x_wconf 87' lang='lat' dir='ltr'><strong>praedictis.</strong></span> <span class='ocrx_word' id='word_1_100' title='bbox 1479 936 1530 974; x_wconf 88' lang='lat' dir='ltr'><strong>(A.</strong></span> <span class='ocrx_word' id='word_1_101' title='bbox 1548 937 1588 967; x_wconf 82' lang='lat' dir='ltr'><strong>A.</strong></span> <span class='ocrx_word' id='word_1_102' title='bbox 1605 936 1764 975; x_wconf 66' lang='lat' dir='ltr'><strong>Inurum.)</strong></span> 
     </span>
    </p>

    <p class='ocr_par' dir='ltr' id='par_1_5' title="bbox 222 990 2184 1142">
     <span class='ocr_line' id='line_1_11' title="bbox 222 990 2184 1031; baseline -0.001 -8"><span class='ocrx_word' id='word_1_103' title='bbox 222 995 265 1023; x_wconf 80' lang='lat'><strong>22</strong></span> <span class='ocrx_word' id='word_1_104' title='bbox 282 1002 351 1030; x_wconf 70' lang='grc' dir='ltr'><strong>ηας.</strong></span> <span class='ocrx_word' id='word_1_105' title='bbox 373 993 461 1022; x_wconf 69' lang='grc'><strong>4324.</strong></span> <span class='ocrx_word' id='word_1_106' title='bbox 630 991 644 1008; x_wconf 71' lang='grc'><em>”</em></span> <span class='ocrx_word' id='word_1_107' title='bbox 660 991 797 1026; x_wconf 83' lang='grc'><strong>20603.</strong></span> <span class='ocrx_word' id='word_1_108' title='bbox 825 1011 864 1018; x_wconf 94' lang='grc'>-</span> <span class='ocrx_word' id='word_1_109' title='bbox 887 994 1050 1025; x_wconf 86' lang='lat' dir='ltr'><strong>Instrum.</strong></span> <span class='ocrx_word' id='word_1_110' title='bbox 1070 999 1137 1031; x_wconf 90' lang='lat' dir='ltr'><strong>quo</strong></span> <span class='ocrx_word' id='word_1_111' title='bbox 1153 991 1351 1031; x_wconf 87' lang='lat' dir='ltr'><strong>procurator</strong></span> <span class='ocrx_word' id='word_1_112' title='bbox 1364 990 1555 1021; x_wconf 90' lang='lat' dir='ltr'><strong>communis</strong></span> <span class='ocrx_word' id='word_1_113' title='bbox 1571 990 1684 1022; x_wconf 84' lang='lat' dir='ltr'><strong>Terrae</strong></span> <span class='ocrx_word' id='word_1_114' title='bbox 1697 990 1830 1030; x_wconf 86' lang='lat' dir='ltr'><strong>Cingoli</strong></span> <span class='ocrx_word' id='word_1_115' title='bbox 1845 990 2014 1030; x_wconf 87' lang='lat' dir='ltr'><strong>promittit</strong></span> <span class='ocrx_word' id='word_1_116' title='bbox 2028 990 2184 1022; x_wconf 88' lang='lat' dir='ltr'><strong>obedien-</strong></span> 
     </span>
     <span class='ocr_line' id='line_1_12' title="bbox 585 1042 2173 1084; baseline -0.004 -3"><span class='ocrx_word' id='word_1_117' title='bbox 585 1050 669 1082; x_wconf 82' lang='lat' dir='ltr'><strong>tiam</strong></span> <span class='ocrx_word' id='word_1_118' title='bbox 684 1049 719 1081; x_wconf 83' lang='lat' dir='ltr'><strong>S.</strong></span> <span class='ocrx_word' id='word_1_119' title='bbox 734 1049 775 1080; x_wconf 86' lang='lat' dir='ltr'><strong>R.</strong></span> <span class='ocrx_word' id='word_1_120' title='bbox 791 1048 830 1079; x_wconf 88' lang='grc' dir='ltr'><strong>Ε.</strong></span> <span class='ocrx_word' id='word_1_121' title='bbox 847 1048 880 1079; x_wconf 89' lang='lat' dir='ltr'><strong>et</strong></span> <span class='ocrx_word' id='word_1_122' title='bbox 898 1046 1021 1078; x_wconf 87' lang='lat' dir='ltr'><strong>rectori</strong></span> <span class='ocrx_word' id='word_1_123' title='bbox 1036 1044 1205 1082; x_wconf 69' lang='lat' dir='ltr'><strong>Marabina,</strong></span> <span class='ocrx_word' id='word_1_124' title='bbox 1225 1044 1258 1075; x_wconf 87' lang='lat' dir='ltr'><strong>et</strong></span> <span class='ocrx_word' id='word_1_125' title='bbox 1272 1043 1359 1084; x_wconf 88' lang='lat' dir='ltr'><strong>petit</strong></span> <span class='ocrx_word' id='word_1_126' title='bbox 1373 1042 1622 1074; x_wconf 89' lang='lat' dir='ltr'><strong>absolutionem</strong></span> <span class='ocrx_word' id='word_1_127' title='bbox 1637 1044 1669 1075; x_wconf 88' lang='lat' dir='ltr'><strong>et</strong></span> <span class='ocrx_word' id='word_1_128' title='bbox 1684 1043 1819 1075; x_wconf 82' lang='lat' dir='ltr'><strong>veniam</strong></span> <span class='ocrx_word' id='word_1_129' title='bbox 1834 1043 2043 1076; x_wconf 85' lang='lat' dir='ltr'><strong>rebellionis.</strong></span> <span class='ocrx_word' id='word_1_130' title='bbox 2064 1044 2173 1084; x_wconf 82' lang='lat' dir='ltr'><strong>(Arma</strong></span> 
     </span>
     <span class='ocr_line' id='line_1_13' title="bbox 586 1096 1635 1142; baseline -0.009 -7"><span class='ocrx_word' id='word_1_131' title='bbox 586 1104 633 1135; x_wconf 85' lang='lat' dir='ltr'><strong>rio</strong></span> <span class='ocrx_word' id='word_1_132' title='bbox 651 1102 744 1139; x_wconf 85' lang='lat' dir='ltr'><em>XIII,</em></span> <span class='ocrx_word' id='word_1_133' title='bbox 761 1111 854 1142; x_wconf 79' lang='lat' dir='ltr'><strong>capsa</strong></span> <span class='ocrx_word' id='word_1_134' title='bbox 869 1099 944 1136; x_wconf 85' lang='lat' dir='ltr'><em>XII,</em></span> <span class='ocrx_word' id='word_1_135' title='bbox 961 1109 993 1130; x_wconf 78' lang='lat' dir='ltr'><strong>n.</strong></span> <span class='ocrx_word' id='word_1_136' title='bbox 1009 1100 1069 1137; x_wconf 82' lang='lat'><strong>273</strong></span> <span class='ocrx_word' id='word_1_137' title='bbox 1086 1096 1332 1138; x_wconf 76' lang='lat' dir='ltr'><strong>auaehoqraplzum</strong></span> <span class='ocrx_word' id='word_1_138' title='bbox 1348 1096 1635 1136; x_wconf 80' lang='lat' dir='ltr'><strong>membranaceum.)</strong></span> 
     </span>
    </p>

    <p class='ocr_par' dir='ltr' id='par_1_6' title="bbox 297 1150 2188 1301">
     <span class='ocr_line' id='line_1_14' title="bbox 303 1150 1907 1191; baseline -0.005 -3"><span class='ocrx_word' id='word_1_139' title='bbox 303 1153 390 1183; x_wconf 73' lang='grc'><strong>4324-</strong></span> <span class='ocrx_word' id='word_1_140' title='bbox 631 1153 767 1186; x_wconf 83' lang='grc'><strong>20604.</strong></span> <span class='ocrx_word' id='word_1_141' title='bbox 789 1173 825 1178; x_wconf 91' lang='grc'><strong>-</strong></span> <span class='ocrx_word' id='word_1_142' title='bbox 843 1154 986 1186; x_wconf 86' lang='lat' dir='ltr'><strong>Joannis</strong></span> <span class='ocrx_word' id='word_1_143' title='bbox 1000 1152 1101 1185; x_wconf 89' lang='lat' dir='ltr'>XXII</span> <span class='ocrx_word' id='word_1_144' title='bbox 1118 1151 1212 1183; x_wconf 80' lang='lat' dir='ltr'><strong>bulla</strong></span> <span class='ocrx_word' id='word_1_145' title='bbox 1230 1152 1347 1183; x_wconf 87' lang='lat' dir='ltr'><strong>contra</strong></span> <span class='ocrx_word' id='word_1_146' title='bbox 1361 1150 1598 1183; x_wconf 80' lang='lat' dir='ltr'><strong>vicecomites.</strong></span> <span class='ocrx_word' id='word_1_147' title='bbox 1615 1150 1670 1191; x_wconf 82' lang='lat' dir='ltr'><strong>(A.</strong></span> <span class='ocrx_word' id='word_1_148' title='bbox 1687 1151 1727 1181; x_wconf 88' lang='lat' dir='ltr'><strong>A.</strong></span> <span class='ocrx_word' id='word_1_149' title='bbox 1747 1150 1907 1190; x_wconf 75' lang='lat' dir='ltr'><strong>lustrum.)</strong></span> 
     </span>
     <span class='ocr_line' id='line_1_15' title="bbox 297 1203 2188 1245; baseline -0.003 -5"><span class='ocrx_word' id='word_1_150' title='bbox 297 1205 385 1235; x_wconf 72' lang='grc'><strong>4324-</strong></span> <span class='ocrx_word' id='word_1_151' title='bbox 633 1207 768 1240; x_wconf 81' lang='grc'><strong>20605.</strong></span> <span class='ocrx_word' id='word_1_152' title='bbox 788 1226 828 1232; x_wconf 95' lang='grc'><strong>-</strong></span> <span class='ocrx_word' id='word_1_153' title='bbox 845 1207 1024 1241; x_wconf 80' lang='lat' dir='ltr'><strong>Confessio</strong></span> <span class='ocrx_word' id='word_1_154' title='bbox 1041 1205 1160 1237; x_wconf 86' lang='lat' dir='ltr'><strong>vicarii</strong></span> <span class='ocrx_word' id='word_1_155' title='bbox 1183 1205 1252 1245; x_wconf 93' lang='lat' dir='ltr'><strong>ep.i</strong></span> <span class='ocrx_word' id='word_1_156' title='bbox 1278 1203 1518 1237; x_wconf 82' lang='lat' dir='ltr'><strong>Montisalbau.</strong></span> <span class='ocrx_word' id='word_1_157' title='bbox 1543 1204 1584 1237; x_wconf 86' lang='lat' dir='ltr'><strong>de</strong></span> <span class='ocrx_word' id='word_1_158' title='bbox 1605 1205 1796 1244; x_wconf 89' lang='lat' dir='ltr'><strong>receptione</strong></span> <span class='ocrx_word' id='word_1_159' title='bbox 1825 1204 1891 1237; x_wconf 90' lang='lat' dir='ltr'><strong>litt.</strong></span> <span class='ocrx_word' id='word_1_160' title='bbox 1918 1205 2061 1236; x_wconf 83' lang='lat' dir='ltr'><strong>Joannis</strong></span> <span class='ocrx_word' id='word_1_161' title='bbox 2087 1205 2188 1237; x_wconf 90' lang='lat' dir='ltr'>XXII</span> 
     </span>
     <span class='ocr_line' id='line_1_16' title="bbox 587 1259 1202 1301; baseline -0.015 -4"><span class='ocrx_word' id='word_1_162' title='bbox 587 1266 704 1297; x_wconf 84' lang='lat' dir='ltr'><strong>contra</strong></span> <span class='ocrx_word' id='word_1_163' title='bbox 716 1264 899 1296; x_wconf 82' lang='lat' dir='ltr'><strong>Bavarum.</strong></span> <span class='ocrx_word' id='word_1_164' title='bbox 916 1261 968 1301; x_wconf 78' lang='lat' dir='ltr'><strong>(A.</strong></span> <span class='ocrx_word' id='word_1_165' title='bbox 984 1260 1026 1291; x_wconf 84' lang='lat' dir='ltr'><strong>A.</strong></span> <span class='ocrx_word' id='word_1_166' title='bbox 1041 1259 1202 1298; x_wconf 68' lang='lat' dir='ltr'><strong>Inurum.)</strong></span> 
     </span>
    </p>
   </div>
   <div class='ocr_carea' id='block_1_5' title="bbox 0 0 151 1184">
    <p class='ocr_par' dir='ltr' id='par_1_7' title="bbox 0 0 151 1184">
     <span class='ocr_line' id='line_1_17' title="bbox 0 0 151 1184; baseline 0 0"><span class='ocrx_word' id='word_1_167' title='bbox 0 0 151 1184; x_wconf 95' lang='lat' dir='ltr'><strong> </strong></span> 
     </span>
    </p>
   </div>
   <div class='ocr_carea' id='block_1_6' title="bbox 0 1393 30 2290">
    <p class='ocr_par' dir='ltr' id='par_1_8' title="bbox 0 1393 30 2290">
     <span class='ocr_line' id='line_1_18' title="bbox 0 1393 30 2290; baseline 0 0"><span class='ocrx_word' id='word_1_168' title='bbox 0 1393 30 2290; x_wconf 95' lang='lat' dir='ltr'><strong> </strong></span> 
     </span>
    </p>
   </div>
   <div class='ocr_carea' id='block_1_7' title="bbox 667 3029 1702 3054">
    <p class='ocr_par' dir='ltr' id='par_1_9' title="bbox 667 3029 1702 3054">
     <span class='ocr_line' id='line_1_19' title="bbox 667 3029 1702 3054; baseline -0.007 -1"><span class='ocrx_word' id='word_1_169' title='bbox 667 3034 847 3054; x_wconf 66' lang='lat' dir='ltr'><strong>nnuummuz</strong></span> <span class='ocrx_word' id='word_1_170' title='bbox 869 3029 1027 3052; x_wconf 57' lang='lat' dir='ltr'><strong>onimium}</strong></span> <span class='ocrx_word' id='word_1_171' title='bbox 1050 3033 1088 3051; x_wconf 76' lang='lat' dir='ltr'><strong>DE</strong></span> <span class='ocrx_word' id='word_1_172' title='bbox 1111 3031 1458 3050; x_wconf 57' lang='lat' dir='ltr'><strong>anwaLou-sunfflmun.</strong></span> <span class='ocrx_word' id='word_1_173' title='bbox 1483 3037 1512 3042; x_wconf 91' lang='lat'>—</span> <span class='ocrx_word' id='word_1_174' title='bbox 1535 3030 1561 3047; x_wconf 73' lang='lat' dir='ltr'><strong>A.</strong></span> <span class='ocrx_word' id='word_1_175' title='bbox 1584 3029 1702 3047; x_wconf 65' lang='lat' dir='ltr'><strong>PlcuA&#39;r.</strong></span> 
     </span>
    </p>
   </div>
  </div>
 </body>
</html>
