2592 3562
377 333 435 363 108

405 421 507 447 Datum
537 413 719 447 Avenione.

392 521 409 548 7
423 521 478 557 (vn
497 521 548 553 id.)
563 528 625 556 apr.
645 518 731 547 1324.

526 840 562 867 Ut
578 848 600 867 s.

484 885 514 912 T.
534 885 566 916 X,
583 884 641 911 XII.

524 1000 560 1028 Ut
580 1009 603 1027 s.

467 1046 498 1073 T.
514 1045 573 1078 ΧΙΙ,
589 1045 659 1071 XIV.

524 1375 560 1402 Ut
580 1383 604 1402 s.

418 1421 448 1448 T.
469 1420 504 1446 XI
521 1419 566 1454 ¹l2,
583 1417 644 1444 XIII
663 1417 709 1451 ¹l2.

526 1587 563 1614 Ut
579 1595 602 1613 s.

396 1803 415 1830 8
434 1802 476 1838 (vl
494 1801 545 1836 id.)
562 1808 624 1836 apr.
644 1800 720 1827 4324

469 1846 500 1873 T.
521 1846 567 1880 XI,
584 1845 655 1872 XIII.

525 2122 561 2150 Ut
577 2130 600 2149 s.

487 2166 517 2194 T.
533 2167 566 2200 x,
582 2166 641 2193 xn.

409 2338 427 2365 9
443 2341 471 2374 (v
486 2337 537 2371 id.)
551 2345 613 2372 apr.
633 2336 720 2364 1324.

477 2382 508 2411 T.
524 2381 581 2414 LV,
597 2382 652 2410 LX.

528 2604 564 2631 Ut
583 2612 606 2630 s.

506 2649 537 2676 T.
558 2648 628 2676 XVI.

528 2766 565 2793 Ut
585 2773 608 2792 s.

771 327 944 359 JOANNIS
967 328 1085 359 PAPAE
1107 328 1210 359 xxll.
1235 331 1485 370 (1316-1834).
1507 347 1547 353 —
1570 327 1757 359 LITTERAE
1780 326 2005 359 COMMUNES

850 518 986 551 19319.
1010 537 1047 543 -
1063 519 1223 551 Armando
1242 519 1279 551 de
1301 519 1524 561 Oliviagratia
1536 528 1632 560 exsp.
1652 519 1824 560 prioratus
1841 517 1895 550 vel
1913 516 2018 558 dign..
2035 525 2097 549 seu
2116 517 2331 558 personatus,
2347 517 2406 549 aut

804 575 873 609 off„
892 574 964 605 sive
978 573 1170 605 administr.
1194 573 1249 604 vel
1266 573 1377 605 benef.
1396 582 1424 605 c.
1440 582 1468 605 c.
1488 573 1543 605 vel
1558 582 1587 604 s.
1607 582 1649 611 c.,
1669 572 1781 612 (1201.
1802 571 1853 610 t.)‚
1874 570 2027 602 consueti
2040 578 2131 602 mon.
2148 571 2293 602 monast.
2309 569 2407 611 Moy-

805 628 943 665 siacen.,
961 626 1112 658 Cluniae.
1128 627 1214 663 ord„
1227 626 1404 659 Caturcen.
1423 627 1484 664 di.,
1497 627 1593 667 cujus
1609 626 1727 658 existit
1741 633 1846 661 mon,
1861 624 2040 665 assignari,
2056 625 2090 655 et
2105 623 2147 655 ad
2163 622 2239 655 abb.
2258 631 2297 655 ac
2309 631 2406 655 conv,

805 681 915 721 ipsius
944 682 1088 711 monast.
1119 679 1232 711 collat.
1260 679 1402 720 pertin.;
1433 680 1487 711 off.
1516 681 1629 711 autem
1653 679 1850 710 infirmariae
1879 677 1987 718 ejusd.
2015 677 2159 709 monast.
2185 676 2345 708 dimittat.
2369 692 2410 699 —

804 735 831 766 I.
849 743 877 765 e.
897 743 941 765 m.
961 742 1037 773 ep.o
1055 733 1234 771 Sarlaten.‚
1253 734 1286 765 et
1301 733 1426 765 decano
1445 732 1702 768 Montisalban.,
1721 741 1758 764 ac
1776 731 1902 763 archid.
1922 731 1963 762 de
1987 729 2146 762 Lautrico
2165 729 2300 762 Albien.
2326 729 2407 762 eccl.

807 787 858 826 (Α.
875 789 924 822 20,
940 787 961 818 f.
978 788 1038 818 575
1055 792 1083 824 ³3
1107 787 1142 818 V.
1160 789 1211 824 77,
1233 795 1284 826 ep.
1305 786 1409 826 1181.)

853 838 989 870 19320.
1012 858 1050 862 -—
1075 840 1194 871 Joanni
1216 839 1252 870 de
1270 839 1366 880 Cupis
1380 848 1474 880 prov.
1491 848 1609 871 canon.
1629 839 1708 871 eccl.
1731 839 1923 874 vastinen„
1944 837 2128 869 Bituricen.
2149 837 2208 874 di.,
2231 836 2296 868 sub
2311 845 2408 876 exsp.

806 894 909 935 praeb.
935 911 972 917 -
989 894 1014 925 Ι.
1033 903 1061 925 e.
1080 903 1124 925 m.
1142 893 1218 925 abb.
1241 895 1388 924 monast.
1406 902 1434 925 s.
1451 892 1638 931 Ambrosii,
1664 894 1697 924 et
1723 892 1848 924 decano
1874 892 1912 923 B.
1934 891 1979 923 M.
2007 890 2113 922 Medii
2139 889 2353 927 Monasterst,
2371 898 2409 922 ac

807 957 895 988 mag.
911 948 1010 979 Petro
1028 947 1067 979 de
1083 947 1181 987 Agia,
1199 955 1271 978 can.
1291 946 1477 978 Bituricen.
1492 946 1573 978 eccl.
1591 946 1643 986 (A.
1659 947 1709 982 21,
1727 946 1749 976 f.
1769 947 1828 977 125
1841 950 1868 982 ²3
1893 944 1926 975 V.
1941 947 1992 980 77,
2010 952 2061 983 ep.
2083 943 2187 983 1165.)

854 998 991 1031 19321.
1011 1017 1048 1022 -
1071 1000 1154 1040 May.
1170 1000 1261 1030 Petro
1281 999 1318 1031 de
1337 998 1431 1041 Cupis
1449 1000 1558 1040 gratia
1580 1008 1676 1039 exsp.
1692 999 1798 1039 dign,
1820 998 1874 1030 vel
1892 999 2096 1038 personatus
2113 1006 2174 1029 seu
2191 997 2247 1028 off.
2262 1005 2291 1028 c.
2308 1005 2336 1028 c.
2355 996 2410 1028 vel

808 1064 835 1086 s.
852 1064 879 1086 c.
899 1055 934 1086 in
945 1054 1024 1086 eccl.
1040 1063 1067 1084 s.
1083 1053 1317 1094 Austregisilii
1333 1054 1374 1085 de
1390 1054 1500 1084 castro
1512 1053 1712 1090 Bituricen.,
1728 1053 1824 1092 quus
1838 1060 1911 1083 can.
1928 1050 2075 1091 praeben.
2091 1050 2225 1087 existit3
2242 1058 2311 1081 non
2321 1050 2411 1082 obst.

808 1109 843 1139 in
866 1108 1062 1145 BiturIcen.‚
1080 1107 1299 1139 Catalaunen.
1322 1108 1354 1138 et
1377 1106 1545 1147 Anagnin.
1565 1106 1646 1138 eccl.
1669 1114 1788 1137 canon.
1815 1108 1847 1136 et
1868 1104 1972 1145 praeb„
1989 1104 2076 1136 Cum
2098 1106 2212 1136 autem
2226 1103 2295 1144 ipsi
2309 1102 2410 1135 hodie

808 1162 958 1193 similem
974 1161 1117 1201 gratiam
1134 1161 1227 1200 Papa
1244 1160 1362 1192 fecerit
1378 1160 1412 1191 in
1434 1160 1515 1191 eccl.
1532 1159 1731 1196 Bituricen.‚
1750 1167 1852 1190 unam
1872 1158 2050 1190 dumtaxat
2063 1157 2154 1197 dign.
2175 1157 2327 1197 assequi,
2345 1165 2413 1188 non

808 1217 919 1246 autem
940 1214 1043 1246 aliam
1066 1216 1238 1254 acceptare
1258 1214 1381 1245 valeat.
1403 1231 1441 1236 -
1460 1213 1488 1245 I.
1513 1221 1542 1245 e.
1561 1222 1606 1258 m.
1635 1221 1711 1252 ep.o
1734 1212 1923 1248 Vivarien.‚
1948 1213 1981 1243 et
2005 1210 2082 1243 abb.
2108 1212 2253 1242 monast.
2277 1209 2413 1242 Evurtii

809 1268 1040 1305 Aurelianen.,
1057 1277 1095 1299 ac
1111 1268 1236 1299 decano
1253 1267 1334 1299 eccl.
1358 1268 1396 1298 B.
1412 1267 1457 1298 M.
1476 1265 1782 1298 Mediimonasterii
1798 1265 1982 1297 Bituricen.
2005 1264 2059 1306 (Α.
2076 1266 2127 1303 21,
2142 1264 2164 1295 f.
2182 1265 2241 1296 209
2257 1263 2289 1302 ¹³;
2309 1263 2345 1295 V.
2359 1265 2410 1302 77,

808 1331 861 1362 ep.
879 1321 985 1362 1512.)

855 1372 989 1404 19322.
1009 1392 1048 1397 -
1068 1374 1178 1404 Eidem
1196 1374 1305 1413 gratia
1327 1382 1424 1413 exsp.
1441 1373 1544 1413 dign„
1569 1373 1622 1404 vel
1643 1373 1847 1412 personatus
1869 1380 1930 1403 seu
1948 1371 2003 1403 off.
2024 1380 2052 1403 c.
2071 1380 2099 1403 c.
2116 1371 2170 1403 vel
2186 1379 2214 1402 s.
2231 1380 2261 1402 c.
2278 1370 2314 1402 in
2329 1370 2412 1402 ecel.

808 1429 992 1461 Bituricen.
1010 1428 1106 1468 cujus
1122 1427 1240 1458 existit
1264 1435 1336 1458 can.
1363 1426 1509 1466 praeben.
1520 1435 1530 1462 3
1555 1434 1623 1457 non
1648 1425 1735 1457 obst.
1754 1426 1789 1456 in
1811 1425 2045 1463 catalaunen„
2063 1433 2092 1456 s,
2118 1424 2352 1465 Austregisilii
2373 1423 2413 1456 de

809 1484 918 1514 castro
933 1482 1118 1513 BIturicen.
1144 1482 1177 1512 et
1199 1480 1367 1520 Anagnin.
1388 1480 1469 1512 eccl.
1496 1488 1613 1511 canon.
1635 1481 1668 1510 et
1683 1478 1786 1518 praeb.
1809 1497 1846 1502 —
1866 1478 1893 1510 1.
1914 1487 1944 1510 e.
1965 1487 2011 1509 m.
2028 1479 2065 1510 ut
2079 1487 2106 1509 s.
2123 1478 2177 1516 (A.
2198 1479 2248 1514 21,
2268 1477 2292 1509 f.
2309 1479 2367 1509 177
2382 1482 2412 1514 ⁸5

814 1536 850 1567 V.
870 1538 919 1572 77,
937 1544 988 1575 ep.
1008 1535 1111 1573 1513.)

855 1585 989 1617 19323.
1008 1605 1046 1609 —
1064 1586 1222 1622 Jacobz’no,
1242 1592 1314 1617 nalo
1335 1585 1436 1617 Cateli
1453 1585 1563 1618 Geroni
1587 1586 1624 1617 de
1649 1584 1814 1623 Cluaeiano,
1839 1594 1936 1625 prov.
1963 1593 2082 1616 canon.
2106 1584 2168 1616 sub
2191 1593 2288 1624 exsp.
2308 1584 2413 1624 proeb.

809 1643 888 1674 eccl.
905 1651 932 1673 s.
953 1641 1116 1681 Stephani
1131 1640 1166 1670 in
1182 1640 1296 1671 Brolio
1314 1639 1540 1671 Mediolanen.
1558 1657 1595 1662 —
1610 1640 1638 1670 I.
1659 1648 1687 1670 e.
1707 1648 1751 1670 m.
1769 1637 1845 1670 abb.
1862 1639 2008 1670 monast.
2024 1647 2052 1669 s.
2070 1637 2244 1670 Vincentii
2261 1638 2296 1669 in
2312 1637 2414 1670 Prato

808 1695 1046 1732 Mediolanen.,
1066 1696 1098 1725 et
1118 1702 1220 1733 praep.
1243 1702 1270 1724 s.
1290 1693 1433 1725 Joannis
1450 1693 1490 1725 de
1505 1693 1602 1731 Asio,
1626 1692 1852 1724 Mediolaneu.
1874 1692 1933 1727 di.,
1958 1700 1996 1723 ac
2017 1691 2182 1724 Gaufrido
2201 1691 2316 1729 Morae,
2339 1699 2412 1723 can.

808 1749 1033 1780 Mediolanen.
1054 1747 1134 1779 eccl.
1155 1746 1206 1786 (V.
1224 1748 1275 1782 84,
1290 1755 1343 1786 ep.
1362 1746 1467 1787 3023.)

855 1799 989 1831 19324.
1010 1820 1048 1824 -
1070 1800 1203 1831 Henrico
1229 1801 1264 1830 de
1290 1799 1420 1837 Balmis,
1444 1809 1516 1831 can.
1539 1799 1686 1839 praeben.
1713 1799 1793 1831 eccl.
1822 1798 2032 1837 Gehennen.‚
2052 1798 2162 1839 gratia
2187 1806 2279 1838 exsp.
2299 1796 2414 1829 benef.

809 1865 836 1887 c.
851 1865 879 1886 c.
894 1856 948 1887 vel
964 1865 992 1886 s.
1008 1864 1049 1893 c.‚
1070 1855 1143 1895 (120
1156 1854 1215 1885 lib.
1231 1853 1453 1892 Gebennen.),
1476 1853 1518 1884 ad
1540 1853 1609 1893 ep.i
1633 1852 1829 1885 Gebennen.
1847 1852 1960 1884 collat.
1978 1852 2115 1891 pertin„
2132 1851 2169 1882 in
2183 1851 2278 1885 civit.
2293 1850 2349 1883 vel
2366 1850 2414 1881 di.

807 1909 1001 1942 Gebennen.
1013 1919 1021 1945 ;
1040 1908 1175 1948 paroch.
1193 1909 1306 1939 autem
1332 1907 1412 1938 eccl.
1434 1907 1475 1938 de
1499 1906 1682 1944 Menciaco‚
1703 1906 1802 1937 dictae
1825 1906 1884 1942 di.,
1905 1905 1935 1936 si
1951 1905 2077 1937 virtute
2101 1904 2280 1945 praesentis
2296 1903 2414 1945 gratiae

807 1963 918 1994 benef.
934 1964 1086 1994 curatum
1102 1962 1318 2001 assequatur,
1334 1961 1495 1992 dimittat.
1513 1979 1552 1987 —
1567 1960 1593 1991 Ι.
1611 1969 1640 1991 e.
1654 1969 1699 1991 m.
1717 1959 1793 1990 abb.
1812 1960 1957 1990 monast.
1975 1959 2016 1990 de
2028 1959 2128 1999 Syez,
2142 1957 2338 1990 Gehennen.
2353 1957 2415 1994 di.,

808 2019 839 2049 et
856 2017 1025 2056 Stephano
1050 2016 1090 2047 de
1105 2014 1286 2054 Campesio
1305 2023 1342 2045 ac
1364 2015 1465 2045 Petro
1493 2013 1662 2049 Bonidiei,
1693 2022 1765 2044 can.
1792 2013 1989 2044 Gebennen.
2016 2012 2096 2044 eccl.
2119 2012 2172 2051 (Α.
2191 2013 2242 2047 20,
2265 2011 2289 2042 f.
2305 2012 2367 2044 454
2381 2016 2413 2048 *ς

814 2070 847 2102 V.
867 2073 916 2107 76,
936 2079 988 2110 ep.
1006 2071 1090 2106 887.)

854 2121 987 2152 19325.
1004 2141 1042 2145 -
1058 2122 1140 2162 May.
1160 2121 1319 2162 Stephano
1338 2121 1374 2152 de
1389 2121 1508 2161 Paiqni
1524 2129 1619 2160 prov.
1637 2129 1754 2152 canon.
1772 2120 1852 2152 eccl.
1874 2119 2072 2151 Atrebaten.
2096 2118 2160 2150 sub
2176 2127 2272 2159 exsp.
2289 2117 2413 2159 praeb.;

808 2187 876 2209 non
893 2177 980 2208 obst.
995 2177 1030 2207 in
1043 2176 1240 2207 Laudunen.
1258 2184 1375 2206 canon.
1395 2175 1459 2206 sub
1473 2183 1569 2214 exsp.
1585 2173 1703 2214 praeb.,
1717 2175 1750 2205 et
1766 2174 1801 2204 in
1816 2182 1843 2204 s.
1860 2173 1956 2204 Petri
1967 2173 2165 2204 Laudunen.
2185 2172 2267 2204 eccl.
2282 2180 2415 2210 canon„

808 2231 910 2271 praeb.
930 2240 967 2262 ac
982 2230 1204 2262 thesauraria.
1228 2246 1266 2250 —
1286 2229 1311 2259 1.
1330 2238 1359 2260 e.
1378 2237 1424 2259 m.
1442 2228 1518 2259 abb.
1538 2229 1683 2259 monast.
1707 2228 1747 2259 de
1770 2227 1884 2259 Monte
1902 2236 1929 2258 s.
1948 2227 2066 2267 Eligii,
2084 2228 2117 2258 et
2134 2226 2260 2258 decano
2276 2234 2303 2257 s.
2321 2225 2415 2257 Petri

807 2286 970 2322 Duacen„
987 2283 1183 2316 Atrebaten.
1200 2283 1259 2319 di.,
1275 2291 1312 2313 ac
1331 2282 1467 2313 scolast.
1488 2282 1703 2313 Cameracen.
1721 2281 1800 2312 eccl.
1821 2281 1873 2319 (A.
1891 2282 1943 2318 20,
1960 2281 1984 2311 f.
1997 2282 2057 2312 548
2073 2280 2104 2316 ¹³,
2126 2279 2162 2311 V.
2189 2281 2238 2317 76,
2257 2287 2310 2319 ep.
2326 2279 2414 2319 973.)

854 2335 989 2367 19326.
1009 2354 1046 2359 —
1066 2336 1226 2368 Guillelmo
1242 2336 1400 2376 archiep.o
1415 2335 1635 2376 Rothomayen.
1652 2334 1752 2366 facul.
1769 2334 1907 2374 petendi
1921 2336 1954 2366 et
1971 2333 2158 2374 recipiendi
2175 2342 2194 2364 a
2206 2341 2296 2373 pers.
2311 2332 2415 2364 ecole-

809 2393 904 2423 siast.
924 2391 991 2423 sibi
1008 2390 1156 2422 subditis
1172 2390 1385 2421 moderatum
1402 2389 1596 2420 subsidium
1612 2397 1672 2429 pro
1689 2388 1896 2420 relevatione
1921 2387 2114 2419 debitorum
2133 2386 2269 2427 quibus,
2287 2386 2324 2417 in
2338 2394 2415 2426 pro-

810 2445 982 2477 secutione
1002 2446 1035 2476 et
1056 2444 1269 2484 promotione
1285 2443 1437 2483 plurium
1457 2443 1665 2482 agendorum
1684 2451 1824 2473 suorum
1844 2443 1877 2473 et
1895 2441 1975 2472 eccl.
1998 2449 2068 2472 suae
2086 2440 2346 2479 Rothomagen„
2364 2439 2417 2471 est

810 2507 1005 2539 oppressus.
1030 2515 1069 2520 ——
1090 2498 1117 2528 Ι.
1135 2506 1162 2528 e.
1183 2506 1229 2528 m.
1247 2505 1323 2536 ep.o
1344 2497 1499 2533 Trecen.,
1522 2497 1555 2527 et
1577 2495 1684 2535 priori
1709 2496 1742 2528 S.
1769 2495 1815 2526 M.
1832 2495 1872 2526 de
1900 2494 2039 2534 Campis
2059 2494 2158 2534 juxta
2183 2492 2351 2530 Parisius‚
2378 2500 2416 2524 ac

810 2552 940 2584 cantori
954 2551 1035 2583 eccl.
1053 2550 1221 2582 Parisien.
1239 2550 1290 2589 (A.
1310 2551 1360 2587 20,
1379 2549 1402 2580 f.
1418 2551 1474 2581 441
1491 2555 1519 2587 ³3
1549 2548 1578 2580 V.
1596 2551 1646 2586 76,
1663 2557 1716 2588 ep.
1735 2549 1820 2588 812.)

857 2602 990 2634 19327.
1013 2622 1051 2627 -
1071 2603 1234 2635 Guillelmo
1251 2613 1321 2644 ep.o
1349 2603 1492 2635 Vasaten.
1517 2602 1681 2643 indulget.
1708 2604 1745 2634 ut
1767 2602 1848 2633 eccl.
1873 2602 1906 2633 et
1928 2600 2098 2633 cimiteria
2124 2600 2253 2632 violata
2275 2607 2416 2631 suarum

812 2659 904 2690 civit.
919 2660 952 2690 et
967 2658 1013 2689 di.
1031 2667 1091 2698 per
1108 2657 1214 2689 alium
1230 2657 1450 2688 reconciliare
1465 2656 1576 2687 valeat
1594 2664 1703 2696 usque
1722 2655 1764 2686 ad
1778 2655 1976 2687 triennium.
1996 2654 2048 2694 (A.
2062 2655 2114 2691 20,
2133 2653 2157 2684 f.
2180 2654 2240 2685 442
2256 2652 2286 2689 ι’;
2310 2652 2346 2684 V.
2363 2653 2415 2690 76,

813 2721 865 2752 ep.
882 2712 956 2752 825)

859 2763 993 2795 19328.
1013 2784 1050 2788 -
1069 2764 1226 2795 Amalrc‘co
1249 2764 1284 2795 de
1307 2764 1427 2794 Vitimis
1447 2763 1657 2795 confirmavit
1677 2762 1840 2794 Pontifex
1853 2761 1967 2794 collat.
1991 2760 2170 2792 archidiac.
2195 2759 2362 2792 Soliacen.
2380 2758 2417 2790 in

814 2820 893 2851 eccl.
921 2818 1155 2855 Aurelianen„
1174 2827 1275 2858 quem
1293 2818 1471 2849 assecutus
1488 2816 1553 2848 fuit
1567 2817 1644 2856 post
1664 2815 1796 2847 obitum
1819 2814 1954 2847 Mathaei
1971 2814 2012 2846 de
2037 2813 2186 2846 Chiliaco
2209 2812 2336 2844 virtute
2347 2811 2415 2844 litt.

813 2873 923 2913 apost.
939 2872 979 2903 de
993 2872 1103 2912 gratia
1120 2880 1216 2911 exsp.
1234 2871 1339 2911 dign„
1356 2871 1560 2910 personatus
1575 2869 1629 2900 vel
1643 2869 1712 2906 off„
1728 2877 1755 2900 c.
1773 2877 1801 2900 c.
1817 2868 1870 2900 vel
1884 2877 1912 2900 s.
1929 2876 1971 2906 c.‚
1988 2867 2024 2898 in
2037 2867 2127 2898 dicta
2142 2866 2223 2898 eccl.
2236 2866 2333 2907 cujus
2341 2873 2420 2906 can.-

814 2925 994 2963 existebat,
1018 2934 1086 2956 non
1102 2924 1189 2956 obst.
1210 2925 1301 2964 quod
1320 2924 1445 2964 quond.
1460 2924 1610 2955 Joannes
1623 2923 1663 2954 de
1681 2913 1854 2963 Rourayo,
1872 2921 1966 2961 cujus
1982 2921 2056 2961 ipse
2079 2921 2115 2952 in
2130 2920 2220 2951 dicto
2234 2918 2415 2951 archidiac.

769 2980 774 2984 ⁴
814 2979 936 3012 tertius
953 2986 1128 3010 successor
1143 2977 1273 3015 existit,
1289 2977 1412 3008 fuisset
1427 2977 1460 3009 S.
1482 2977 1521 3008 A.
1542 2985 1613 3017 cap.
1621 2985 1631 3013 3
1647 2984 1735 3007 nuuc
1751 2983 1833 3007 vero
1849 2974 2009 3007 Pontifex
2025 2973 2175 3006 decernit
2191 2971 2418 3005 confirmatio-
