2592 3562
381 346 441 375 344

409 432 512 459 Datum
539 425 722 459 Avenione.

380 533 399 560 4
418 534 452 569 (11
472 532 553 565 non.)
574 539 636 567 apr.
661 529 749 558 1325.

491 577 520 603 Τ.
540 575 635 603 XXIV.

526 690 563 718 Ut
578 698 602 718 s.

492 734 522 761 T.
542 733 637 762 XXIV.

525 797 561 824 Ut
576 805 600 824 s.

501 842 532 868 T.
553 841 623 868 XVI.

524 904 559 932 Ut
576 912 599 931 s.

501 949 532 976 T.
553 948 624 976 XVI.

526 1011 562 1038 Ut
582 1019 605 1038 s.

491 1054 523 1081 T.
546 1054 639 1082 XXIV.

529 1117 563 1144 Ut
577 1126 601 1144 s.

489 1162 521 1190 T.
542 1161 637 1190 XXIV.

525 1224 560 1252 Ut
577 1232 600 1251 s.

523 1269 553 1296 T.
572 1269 603 1296 L.

520 1704 555 1731 Ut
577 1712 600 1731 s.

486 1749 516 1775 T.
534 1749 627 1775 XXIV.

520 1916 554 1944 Ut
575 1925 598 1944 s.

483 1961 514 1988 T.
534 1961 629 1989 XXIV.

519 2023 554 2051 Ut
575 2032 598 2051 8.

487 2067 517 2094 T.
533 2067 626 2094 XXIV.

517 2183 552 2210 Ut
571 2191 596 2212 s.

483 2227 514 2253 T.
531 2227 626 2254 XXIV.

379 2288 397 2314 6
411 2288 477 2322 (v111
489 2287 543 2320 id.)
556 2297 619 2324 apr.
639 2288 728 2317 4325.

455 2333 486 2360 Τ.
502 2332 562 2367 XII,
579 2333 649 2360 XIV.

383 2500 402 2528 8
419 2499 461 2535 (Vl
479 2500 530 2536 id.)
547 2509 609 2536 apr.
630 2501 718 2531 1325.

468 2545 499 2571 T.
520 2546 552 2579 x,
573 2546 631 2573 ΧΠ.

510 2713 546 2741 Ut
566 2722 590 2741 s.

459 2757 490 2784 T.
511 2758 556 2792 XI,
571 2758 643 2786 XIII.

511 2926 548 2953 Ut
566 2934 589 2954 s.

455 2970 484 2996 T.
506 2970 552 3004 XI,
572 2971 645 3001 XIII.

776 338 951 370 JOANNIS
974 338 1093 370 PAPAE
1115 338 1217 370 XXII.
1242 339 1492 381 (1816-1384).
1516 358 1554 363 —
1576 340 1763 372 LITTERAE
1785 339 2011 373 COMMUNES

851 527 987 560 21952.
1009 547 1046 553 -
1070 530 1236 562 Wladislao
1249 532 1316 572 reqi
1326 531 1462 563 Poloniae
1480 531 1601 563 induit.
1620 531 1736 563 divina
1753 531 1895 564 faciendi
1909 532 2072 565 celebrari
2085 533 2120 565 in
2131 533 2216 566 locis
2229 534 2409 568 interdicto

807 584 1009 624 suppositis.
1035 584 1088 622 (A.
1109 585 1158 622 23,
1180 584 1202 615 f.
1231 585 1290 616 120
1313 585 1344 621 ¹¹3
1374 585 1409 616 V.
1429 587 1479 623 79,
1502 594 1553 625 ep.
1578 587 1671 623 15045
1688 585 1845 622 Theiner,
1871 586 2067 617 Monumenta
2085 586 2232 619 historica
2257 587 2407 625 Polom'ae,

806 638 830 669 t.
847 638 875 674 1,
890 646 922 677 p.
939 638 1010 675 202,
1029 638 1100 669 doc.
1120 638 1278 677 CCCIX.)

851 687 988 720 21953.
1007 708 1046 714 -
1063 690 1174 721 Eidem
1195 691 1318 723 indult.
1345 693 1382 723 ut
1404 700 1489 723 suus
1510 691 1686 723 consessor
1701 691 1813 732 ipsum
1835 691 1876 723 ab
1902 692 2061 724 omnibus
2077 701 2208 725 excom.
2228 694 2409 726 sententiis

807 743 983 775 absolvere
999 744 1120 783 possit.
1135 744 1187 784 (A.
1200 745 1250 780 23,
1263 744 1285 775 f.
1305 746 1363 776 120
1377 744 1406 783 ¹³3
1429 744 1466 776 V.
1481 747 1530 781 79,
1543 754 1595 785 ep.
1614 745 1710 781 1⁴053
1728 744 1886 784 Theiner,
1903 748 1986 783 uls„
1998 754 2031 786 p.
2041 746 2113 783 202,
2128 746 2201 778 doc.
2221 746 2408 788 cccviii.)

851 794 992 827 21954.
1010 813 1048 819 -
1066 796 1179 828 Eidem
1196 797 1318 829 induit.
1343 799 1379 829 ut
1395 798 1506 829 dictus
1526 797 1700 829 confessor
1715 798 1821 829 semel
1846 798 1881 829 in
1906 798 2028 830 mortis
2049 798 2193 831 articulo
2217 800 2327 840 possit
2341 800 2409 841 ipsi

806 850 942 890 plenam
958 850 1197 882 remissionem
1215 853 1427 891 peccatorum
1441 852 1633 883 concedere.
1654 851 1706 891 (A.
1720 852 1770 890 23,
1787 851 1810 883 s.
1830 852 1889 883 120
1902 850 1931 889 ¹³3
1954 850 1987 882 V.
2005 853 2055 889 79,
2075 860 2130 892 ep.
2147 852 2252 893 1506.)

851 901 987 934 21955.
1008 922 1046 927 -
1063 903 1204 945 Hedwiqi
1219 906 1331 945 reqinae
1354 904 1492 935 Poloniae
1507 904 1626 936 indult.
1653 905 1768 936 divina
1793 904 1939 936 faciendi
1963 904 2129 937 celebrari
2148 905 2183 937 in
2200 905 2286 938 Iocis
2308 906 2407 939 inter—

807 956 896 988 dicto
913 957 1114 997 suppositis.
1132 957 1183 995 (A.
1199 959 1249 994 23,
1269 958 1290 988 f.
1309 959 1364 989 121
1382 963 1410 994 ·;
1436 957 1467 989 V.
1485 959 1534 992 79,
1555 966 1607 997 ep.
1628 957 1735 998 1507.)

851 1007 987 1039 21956.
1006 1028 1044 1033 -—
1063 1010 1176 1041 Eidem
1200 1011 1320 1043 induit.
1347 1013 1383 1042 ut
1408 1019 1492 1042 suus
1515 1011 1689 1042 confessor
1707 1012 1818 1050 ipsam
1839 1011 1881 1042 ab
1899 1011 2058 1043 omnihus
2075 1012 2256 1044 sententiis
2275 1020 2405 1045 excom.

806 1062 982 1095 absolvere
1000 1064 1120 1103 possit.
1137 1064 1196 1103 (A.
1211 1065 1260 1101 23,
1279 1064 1302 1095 f.
1319 1066 1373 1095 121
1393 1069 1420 1101 ³,
1447 1064 1482 1095 V.
1503 1066 1552 1101 79,
1571 1073 1623 1104 ep.
1639 1066 1744 1103 1508.)

852 1113 987 1146 21957.
1015 1134 1052 1139 -
1078 1116 1188 1147 Eidem
1210 1117 1331 1149 indult.
1362 1119 1399 1149 ut
1417 1126 1500 1149 suus
1519 1117 1693 1149 confessor
1717 1118 1823 1149 semel
1848 1118 1882 1149 in
1905 1118 2027 1149 mortis
2047 1118 2190 1150 articulo
2212 1119 2322 1159 possit
2339 1119 2407 1160 ipsi

805 1169 941 1209 plenam
957 1170 1195 1202 remissionem
1211 1172 1424 1211 peccatorum
1440 1171 1633 1202 concedere.
1653 1171 1704 1210 (A.
1724 1173 1775 1209 23,
1796 1171 1818 1203 f.
1838 1173 1893 1202 121
1911 1177 1940 1208 ²,
1966 1171 2000 1202 V.
2019 1173 2069 1208 79,
2090 1180 2142 1212 ep.
2161 1173 2266 1213 1509.)

850 1221 987 1252 21958.
1003 1241 1041 1247 -
1058 1224 1278 1255 Confirmati0
1295 1224 1556 1264 permutationis
1580 1232 1641 1264 per
1665 1233 1767 1264 quam
1788 1224 1893 1256 abbas
1916 1226 1949 1256 et
1974 1234 2070 1256 conv.
2099 1227 2244 1258 monast.
2267 1226 2406 1259 Seceeo-

805 1276 908 1314 nien„
927 1277 967 1308 O.
983 1277 1016 1308 S.
1039 1278 1090 1314 B.,
1107 1277 1301 1308 Cracovien.
1322 1277 1382 1314 di„
1402 1277 1612 1309 donaverunt
1633 1277 1811 1309 ecclesiam
1835 1286 1862 1309 S.
1880 1278 2022 1310 Andreae
2042 1278 2239 1311 Cracovien.
2257 1279 2407 1311 Wladis·

804 1329 858 1360 Iao
874 1330 945 1369 regi
967 1330 1118 1361 Poloniae
1138 1339 1198 1369 pro
1215 1330 1358 1362 ecclesia
1383 1339 1410 1361 s.
1439 1330 1580 1369 AEgidii,
1601 1331 1709 1371 ejusd.
1729 1331 1836 1365 civit..
1857 1331 1954 1371 cujus
1977 1331 2024 1363 id.
2051 1340 2113 1363 rex
2138 1334 2303 1372 patronus
2320 1334 2405 1371 erat,

803 1391 932 1414 necnon
961 1383 1203 1414 confirmantur
1218 1383 1354 1414 donatio
1375 1383 1483 1423 ejusd.
1502 1383 1581 1415 eccl.
1610 1392 1638 1415 s.
1660 1384 1802 1416 Andreae
1825 1393 1885 1424 per
1911 1385 2023 1416 eumd.
2044 1393 2158 1426 regem
2183 1385 2271 1417 facta
2291 1386 2406 1418 favore

804 1435 984 1467 abbatissae
1001 1438 1033 1467 et
1046 1445 1142 1467 conv.
1161 1437 1305 1467 monast.
1328 1436 1368 1467 de
1388 1436 1496 1473 Scala,
1516 1437 1587 1468 ord.
1612 1445 1639 1467 s.
1667 1437 1785 1474 Clarae,
1807 1437 2004 1469 Cracovien.
2025 1437 2084 1472 di..
2101 1446 2189 1470 nova
2206 1438 2360 1471 fundatio
2372 1441 2407 1471 et

802 1490 979 1521 translatio
995 1490 1146 1520 earumd.
1164 1489 1347 1521 abbatissae
1369 1491 1401 1521 et
1424 1498 1533 1527 conv„
1557 1499 1632 1530 quae
1651 1491 1730 1522 sunt
1757 1499 1897 1522 numero
1915 1491 1985 1522 fere
2002 1501 2030 1528 c,
2058 1491 2100 1522 ad
2117 1492 2293 1531 praefatam
2310 1492 2405 1530 eccl„

802 1551 890 1574 nunc
907 1543 1153 1574 monasterium
1169 1551 1196 1574 s
1223 1543 1382 1580 Andreae3
1403 1543 1437 1574 in
1456 1543 1615 1574 omnibus
1634 1544 1812 1575 accedente
1835 1552 2003 1575 consensu
2027 1553 2079 1584 ep.
2085 1545 2096 1575 i
2119 1546 2151 1576 et
2173 1545 2273 1585 capit.
2289 1546 2406 1578 Craco-

802 1596 890 1626 vien.
908 1595 960 1635 (A.
976 1597 1025 1633 23,
1046 1596 1068 1626 f.
1084 1598 1172 1626 121³
1180 1596 1249 1633 ;V
1267 1598 1317 1633 79,
1338 1605 1390 1636 ep.
1411 1598 1506 1633 1512;
1523 1596 1681 1633 Theiner,
1699 1607 1748 1637 op.
1772 1597 1837 1634 cit„
1851 1599 1875 1628 t.
1893 1597 1921 1634 Ι,
1939 1606 1972 1637 p
1990 1598 2060 1636 201,
2081 1598 2155 1630 doc.
2176 1598 2321 1636 CCCVI,
2339 1599 2404 1631 Eu-

801 1648 868 1685 bel,
887 1649 1061 1680 Bullarium
1080 1649 1330 1687 Franciscanum,
1348 1651 1372 1681 t.
1389 1650 1430 1689 V,
1450 1659 1484 1689 p.
1503 1651 1562 1682 284
1580 1659 1613 1680 n.
1629 1650 1717 1690 568.)

847 1700 982 1732 21959.
999 1722 1035 1726 —
1061 1702 1226 1733 Wladislao
1252 1703 1319 1743 reyi
1338 1703 1475 1733 Poloniae
1493 1703 1613 1734 induli.
1632 1706 1668 1735 ut
1683 1712 1767 1735 suus
1781 1704 1956 1736 confessor
1973 1704 2084 1743 possit
2099 1705 2166 1745 ipsi
2182 1705 2288 1736 semel
2306 1705 2404 1738 dum-

800 1757 894 1786 taxat
911 1764 972 1795 pro
986 1756 1181 1787 commissis
1200 1756 1374 1794 hactenus,
1394 1757 1530 1788 etiamsi
1547 1757 1630 1788 talia
1645 1757 1760 1788 forsan
1778 1758 1928 1789 existant
1941 1758 2030 1797 quod
2042 1766 2145 1798 super
2160 1758 2233 1790 illis
2250 1758 2294 1791 sit
2309 1759 2343 1791 S.
2360 1760 2402 1792 A.

800 1809 921 1840 merito
937 1810 1155 1844 consulenda,
1175 1810 1402 1841 absoluti0nis
1418 1810 1528 1841 benef.
1548 1810 1727 1850 impertiri.
1753 1810 1807 1851 (A.
1831 1812 1881 1846 23,
1907 1811 1932 1842 f.
1953 1813 2011 1843 129
2031 1816 2066 1848 ι;
2099 1811 2134 1843 V.
2162 1813 2213 1848 79,
2235 1821 2288 1852 ep.
2308 1813 2402 1850 1568,

800 1862 955 1899 Theiner,
974 1872 1027 1903 op.
1043 1863 1108 1900 cit„
1123 1865 1147 1893 t.
1166 1864 1192 1898 Ι,
1209 1872 1242 1902 p.
1262 1864 1334 1901 202,
1353 1864 1425 1894 doc.
1441 1864 1614 1903 cccvu.)
2421 1858 2423 1860 ’

842 1913 979 1945 21960.
997 1935 1035 1939 -
1049 1916 1190 1956 Hedwiqi
1201 1916 1313 1957 reqinae
1326 1916 1461 1946 Poloniae
1475 1917 1669 1957 indulgetur
1685 1917 1786 1949 idem.
1802 1918 1855 1958 (A.
1873 1919 1922 1956 23,
1939 1918 1962 1950 f.
1975 1919 2032 1950 129
2047 1923 2082 1956 ⁸3
2104 1918 2140 1950 V.
2159 1920 2208 1956 79,
2223 1927 2275 1959 ep.
2295 1919 2403 1959 1569.)

842 2019 979 2052 21961.
1001 2041 1039 2045 --
1061 2022 1218 2054 Vladislao
1234 2023 1300 2063 reyi
1319 2022 1456 2053 Poloniae
1472 2023 1593 2054 indult.
1613 2024 1760 2064 eligendi
1773 2024 2004 2056 confessorem
2019 2025 2078 2065 qui
2095 2026 2131 2057 in
2146 2026 2305 2058 omnibus
2317 2027 2402 2058 casi-

796 2075 873 2111 bus,
891 2078 1115 2115 praeterquam
1136 2077 1168 2107 S.
1193 2077 1233 2108 A.
1255 2077 1451 2111 reservatis,
1469 2077 1644 2108 absolvere
1666 2077 1787 2108 valeat.
1808 2078 1859 2115 (A.
1875 2079 1924 2115 23,
1943 2078 1964 2109 f.
1985 2080 2043 2110 154
2058 2078 2089 2115 ¹³5
2111 2078 2148 2110 V.
2164 2079 2214 2115 79,
2233 2088 2286 2120 ep.
2305 2081 2402 2126 1578,
2461 2069 2463 2072 ¹

797 2129 954 2166 Theiner,
972 2139 1022 2170 op.
1041 2130 1105 2167 cit„
1125 2131 1149 2161 t.
1167 2130 1195 2167 I,
1210 2139 1242 2169 p.
1267 2131 1338 2166 203,
1356 2130 1428 2161 doc.
1449 2130 1590 2168 CCCX.)

842 2180 976 2211 21962.
994 2201 1032 2205 —
1048 2183 1190 2224 Hedwiqi
1206 2183 1318 2223 reqinae
1333 2182 1470 2213 Poloniae
1482 2183 1676 2223 indulgetur
1690 2184 1791 2215 idem.
1809 2184 1861 2225 (A.
1874 2186 1924 2222 23,
1939 2184 1962 2215 f.
1979 2186 2037 2216 154
2052 2185 2083 2223 ¹³5
2107 2185 2141 2217 V.
2157 2188 2208 2223 79,
2222 2195 2276 2227 ep.
2295 2188 2399 2224 1579.)

840 2287 977 2319 21963.
993 2307 1031 2311 -
1046 2290 1158 2320 Pontio
1181 2289 1217 2320 de
1234 2289 1475 2330 Podempniaco,
1497 2290 1622 2321 decano
1640 2291 1721 2322 eccl.
1738 2291 1924 2328 Brivaten.,
1947 2300 1975 2323 s.
1998 2292 2092 2323 Flori
2109 2292 2169 2328 di.,
2189 2293 2290 2332 Papae
2311 2301 2398 2334 cap„

795 2342 917 2374 indult.
936 2343 976 2374 ad
991 2344 1178 2374 triennium
1195 2343 1403 2383 percipiendi
1420 2344 1550 2375 fructus
1563 2343 1674 2375 benef.
1691 2352 1827 2375 suoram
1843 2353 1946 2376 causa
1963 2345 2079 2377 studii.
2092 2346 2166 2376 -Ι,
2181 2354 2211 2377 e.
2228 2355 2274 2377 m.
2292 2346 2398 2386 priori

795 2396 835 2427 de
849 2397 1001 2436 Bajassa‚
1028 2406 1056 2427 s.
1079 2397 1173 2428 Flori
1189 2397 1249 2433 di„
1269 2398 1300 2428 et
1319 2396 1443 2428 archid.
1459 2397 1644 2428 Benascen.
1670 2397 1827 2434 Ilerden.,
1849 2407 1887 2429 ac
1910 2399 2090 2430 Ademario
2113 2399 2154 2430 de
2171 2407 2198 2430 s.
2222 2399 2396 2437 Quintino,

795 2458 866 2480 can.
887 2450 1040 2481 Anicien.
1060 2451 1140 2481 eccl.
1158 2450 1212 2490 (A.
1227 2451 1277 2487 22,
1299 2450 1321 2481 f.
1339 2451 1399 2482 424
1416 2455 1445 2486 ³5
1465 2450 1501 2481 V.
1518 2451 1568 2487 78,
1587 2459 1638 2490 ep.
1657 2451 1744 2488 845.)

839 2500 975 2532 21964.
991 2522 1029 2526 -
1043 2503 1189 2534 Michaeli
1203 2503 1327 2540 Bodeti,
1346 2504 1467 2534 rectori
1482 2503 1562 2534 eccl.
1583 2504 1622 2535 de
1638 2504 1785 2535 Heremo
1804 2513 1831 2536 6.
1849 2514 1891 2540 c.,
1911 2505 2071 2537 Tolosan.
2089 2505 2148 2543 din,
2166 2514 2261 2545 prov.
2279 2514 2396 2538 canon.

794 2556 875 2586 eccl.
905 2556 1078 2588 Vivarien.
1101 2557 1135 2587 in
1162 2565 1229 2596 qua
1255 2558 1368 2588 certus
1392 2565 1466 2587 can.
1492 2565 1655 2588 numerus
1676 2558 1709 2588 et
1733 2557 1836 2597 praeb.
1863 2558 2038 2590 distinctio
2060 2567 2128 2590 non
2153 2558 2327 2590 habentur.
2359 2576 2398 2582 —

792 2609 820 2639 Ι.
838 2617 866 2640 e.
883 2618 931 2653 m..
944 2609 1114 2649 archiepo
1130 2610 1358 2647 Ebredunen.,
1378 2611 1410 2641 et
1429 2610 1555 2640 archid.
1574 2610 1738 2641 Benacen.
1756 2611 1918 2649 Ilerden.,
1938 2620 1975 2642 ac
1992 2611 2137 2643 Arberto
2154 2612 2304 2650 Lordeti,
2322 2621 2395 2644 can.

793 2662 967 2693 Mimaten.
983 2663 1063 2694 eccl.
1079 2663 1133 2703 (A.
1154 2665 1204 2700 23,
1222 2663 1244 2694 f.
1266 2665 1324 2695 199
1339 2662 1370 2700 b,
1393 2663 1428 2694 V.
1447 2665 1497 2700 79,
1514 2672 1566 2703 ep.
1587 2665 1690 2702 1467.)

838 2712 973 2744 21965.
992 2733 1030 2738 -
1046 2717 1129 2757 May.
1147 2716 1288 2757 Drayoni
1308 2716 1345 2747 de
1365 2716 1499 2756 Burqeto
1517 2717 1630 2747 collat.
1653 2725 1770 2749 canon.
1790 2717 1854 2748 sub
1870 2726 1966 2757 exsp.
1983 2718 2085 2758 praeb.
2105 2718 2186 2749 eccl.
2207 2718 2247 2749 B.
2265 2719 2310 2750 M.
2328 2719 2397 2752 An-

791 2768 954 2806 thonien.‚
973 2769 1188 2801 Cameracen.
1207 2770 1272 2806 di.;
1289 2778 1356 2800 non
1372 2769 1458 2802 obst.
1475 2769 1612 2809 paroch.
1630 2770 1710 2800 eccl.
1726 2770 1766 2801 de
1789 2770 1927 2808 Siclino,
1945 2771 2132 2803 Tornacen.
2145 2771 2189 2802 di.
2207 2789 2246 2794 —
2259 2772 2285 2803 I.
2303 2781 2332 2804 e.
2349 2781 2393 2804 m.

792 2822 918 2853 decano
934 2823 1163 2859 cameracen„
1180 2824 1213 2854 et
1223 2832 1327 2863 praep.
1342 2823 1554 2860 sistaricen,
1570 2831 1608 2854 ac
1622 2823 1758 2854 scolast.
1774 2823 1927 2863 ejusdem
1944 2824 2160 2856 Cameracen.
2177 2825 2258 2856 eccl.
2273 2825 2325 2866 (A.
2342 2827 2394 2862 23,

792 2875 814 2905 f.
832 2877 891 2906 233
907 2875 938 2913 1³3
961 2875 996 2907 V.
1015 2878 1065 2913 79,
1081 2886 1131 2916 ep.
1153 2878 1256 2914 1542.)

836 2925 976 2958 21966.
992 2947 1031 2952 -
1046 2929 1162 2960 Joanni
1178 2930 1258 2960 dicto
1275 2929 1397 2970 Huscyn
1415 2929 1488 2961 ead.
1506 2929 1614 2969 gratia
1638 2929 1672 2960 in
1693 2930 1773 2960 eccl.
1791 2938 1819 2961 s.
1835 2930 2028 2971 Gengnlphi
2051 2931 2184 2962 Tullen.
2203 2949 2239 2954 —-
2254 2931 2280 2962 I.
2299 2940 2327 2963 e.
2347 2941 2392 2963 m.

791 2981 866 3012 abb.
886 2983 1031 3014 monast.
1048 2991 1076 3013 s.
1093 2983 1262 3014 Mansueti
1282 2983 1431 3020 Tullen.,
1450 2984 1483 3014 et
1498 2991 1601 3022 praep.
1627 2992 1665 3014 ac
1683 2983 1821 3015 scolast.
1841 2983 2059 3023 supradictis.
2081 2985 2134 3024 (A.
2153 2986 2202 3022 23,
2227 2984 2251 3016 f.
2278 2986 2338 3016 234
2361 2990 2392 3022 ¹3

795 3034 831 3066 V.
849 3037 899 3073 79,
918 3044 970 3075 ep.
992 3037 1094 3075 1543.)
