2592 3562
337 365 376 395 ⁴6

366 452 467 479 Datum
493 443 676 479 Avenione.

410 659 447 687 19
464 659 522 687 dec.
545 658 631 686 1323.

405 704 468 739 (xw
485 703 543 731 kal.
558 703 633 740 jan.)

451 748 482 775 T.
500 747 582 775 lvx:-

481 873 517 900 Ut
537 881 560 901 s.

451 917 482 944 T.
505 917 583 945 illu.

478 1087 515 1115 Ut
534 1095 558 1114 s.

421 1131 452 1158 T.
474 1132 520 1165 xl,
538 1132 609 1159 Xlll.

473 1353 509 1382 Ut
530 1362 555 1381 ε.

424 1398 455 1425 Τ.
472 1398 517 1431 XI,
534 1399 605 1426 xlll.

473 1673 508 1700 Ut
529 1681 552 1700 s.

473 2101 509 2128 Ut
524 2109 546 2128 s.

436 2146 466 2173 T.
484 2145 515 2181 L,
533 2145 588 2173 LX.

470 2421 506 2448 Ut
525 2429 548 2448 s.

449 2465 481 2492 T.
504 2465 568 2492 11¹¹.

468 2633 504 2660 Ut
530 2641 554 2660 ε.

457 2677 488 2705 T.
502 2677 574 2706 XVI.

473 2739 511 2767 Ut
531 2747 555 2767 ⁸.

441 2783 472 2811 T.
489 2783 587 2812 xxiv.

474 2845 511 2874 Ut
531 2853 556 2875 s.

456 2890 488 2918 T.
508 2890 568 2918 xli.

471 2951 509 2980 Ut
526 2960 552 2980 s.

408 2996 513 3033 mxx,
533 2996 616 3024 xxn.

725 354 900 387 JOANNIS
923 354 1042 386 PAPAE
1063 354 1166 386 XXII.
1193 355 1442 395 (1316-1334).
1465 372 1505 377 —
1526 352 1713 384 LITTERAE
1736 351 1964 384 COMMUNES

762 545 935 583 Roderici‚
964 545 1126 586 Ispalen„
1151 554 1189 576 ac
1210 545 1311 576 Petro
1332 543 1512 584 Alphonsi,
1538 542 1705 575 Giennen.
1732 550 1806 574 can.
1829 541 1909 574 eccl.
1934 542 1987 581 (A.
2008 543 2060 579 20,
2081 542 2105 574 f.
2131 544 2193 574 230
2206 548 2236 582 ·;
2259 543 2293 576 V.
2315 545 2368 582 76,

762 608 779 631 e
808 599 917 638 .358.)

782 609 945 683 Ρ18648.
966 669 1004 675 -
1021 651 1185 688 Antonius,
1203 660 1292 682 mon.
1312 651 1459 682 monast.
1485 649 1687 686 Casaenovae,
1715 649 1857 680 Cisterc.
1880 649 1966 687 ord.,
1987 649 2138 681 Pennen.
2158 650 2219 687 di.,
2234 650 2272 682 fit
2289 650 2369 683 abb.

762 708 906 738 monast.
923 706 955 738 S.
974 706 1019 738 M.
1035 706 1076 737 de
1092 705 1248 741 Martina‚
1265 704 1346 735 dIcti
1361 703 1446 739 ord.,
1459 702 1573 734 Sancti
1585 702 1690 733 Marci
1704 702 1766 740 di.,
1779 711 1850 734 vac.
1868 711 1929 743 per
1941 705 2128 735 consecrat.
2146 703 2285 736 Thomae
2297 704 2368 744 ep.i

761 760 875 791 Sancti
889 759 1006 791 Marci.
1025 776 1065 781 —
1079 759 1105 790 1.
1122 767 1150 790 e.
1166 767 1211 789 m.
1224 766 1320 788 conv.
1340 759 1373 788 et
1390 756 1550 787 vassallis
1566 756 1648 787 dicti
1662 758 1808 787 monast.
1826 755 1860 787 S.
1874 756 1937 794 M.;
1955 765 1988 787 n.
2008 765 2040 789 v,
2058 756 2180 789 Carolo
2199 756 2366 798 primoge-

762 813 833 844 nito
849 812 990 844 Roberti
1007 812 1097 852 regis
1118 811 1254 842 Siciliae.
1275 811 1326 850 (A.
1346 811 1397 846 20,
1419 809 1443 841 f.
1459 811 1514 840 231
1530 814 1559 845 ⁸;
1583 808 1619 841 V.
1638 811 1688 847 76,
1709 818 1762 849 ep.
1779 809 1865 848 360.)

809 863 943 895 18649.
959 885 995 889 -
1014 864 1206 901 Guillelmus,
1226 863 1300 894 abb.
1320 864 1466 894 monast.
1482 862 1735 900 Vallissanctae‚
1749 863 1892 895 Cisterc.
1907 863 1995 901 ord.,
2011 864 2134 903 Apten.
2150 864 2212 902 di.,
2229 864 2370 904 praefici·

761 922 816 951 tur
840 920 874 950 in
899 919 975 951 abb.
995 919 1140 950 monast.
1158 916 1376 957 Aquaebellae‚
1393 916 1476 947 dicti
1499 916 1586 954 ord.,
1604 916 1804 948 Tricastrin.
1823 917 1883 954 di.,
1906 918 1984 957 post
2001 916 2133 949 obitum
2155 917 2335 950 Guillelmi
2350 926 2371 950 a

762 973 927 1004 Pontifice
953 972 1112 1012 disposit.
1135 980 1204 1002 suae
1222 970 1398 1001 reservati.
1414 986 1453 991 —
1477 970 1504 1000 I.
1522 978 1551 1000 e.
1571 978 1616 1000 m.
1635 978 1732 1001 conv,
1749 971 1782 1001 et
1799 970 1961 1002 vassallis
1981 970 2062 1003 dicti
2085 973 2231 1003 monast.
2250 972 2370 1012 Aquae-

760 1026 868 1058 bellae.
890 1026 943 1064 (A.
955 1027 1004 1062 20,
1016 1026 1038 1056 f.
1053 1027 1113 1056 244
1128 1030 1159 1060 ⁸3
1180 1024 1216 1055 V.
1234 1026 1284 1061 76,
1304 1032 1356 1063 ep.
1373 1023 1459 1062 388.)

807 1077 941 1108 18650.
960 1097 997 1102 -
1013 1078 1095 1118 May.
1114 1078 1206 1108 Petro
1223 1077 1305 1108 ,lusti
1322 1076 1360 1107 de
1376 1075 1494 1117 Aquila
1511 1076 1628 1113 collat.
1644 1085 1763 1108 canon.
1782 1078 1815 1108 et
1830 1076 1934 1117 praeb.
1951 1077 2032 1109 eccl.
2051 1077 2224 1114 Swellem.
2244 1078 2372 1110 Ebora.-

761 1142 832 1164 cen.
852 1133 911 1168 di.,
929 1141 1014 1173 quos
1030 1140 1117 1171 mag.
1134 1131 1321 1163 Riccardus
1338 1130 1378 1162 de
1391 1130 1594 1162 Malumbris
1610 1131 1798 1170 resignavit
1814 1139 1868 1170 ap.
1883 1130 1917 1163 S.
1931 1131 1973 1163 A.
1990 1140 2094 1163 causa
2106 1132 2370 1172 permutationis

760 1195 820 1226 pro
839 1195 956 1217 canon.
974 1188 1007 1217 et
1028 1185 1132 1225 praeb.
1151 1185 1232 1216 eccl.
1245 1183 1468 1224 Frequentin.
1480 1193 1557 1215 cum
1571 1184 1646 1215 eod.
1663 1193 1751 1224 mag.
1764 1185 1866 1216 Petro
1882 1184 2056 1217 faciendae.
2071 1203 2111 1208 —
2123 1185 2151 1217 1.
2168 1194 2199 1217 e.
2216 1194 2261 1217 m.
2280 1194 2370 1227 mag.

760 1240 883 1271 Joanni
903 1240 943 1270 de
960 1239 1150 1278 Columpna
1163 1237 1289 1269 archid.
1305 1238 1495 1273 Vivarien„
1510 1237 1612 1278 Papae
1630 1239 1712 1275 not„
1730 1239 1763 1269 et
1775 1238 1922 1270 Henrico
1938 1238 1979 1270 de
1995 1238 2194 1270 Sarracenis
2207 1239 2248 1270 de
2265 1238 2368 1278 Urbe,

761 1293 983 1329 Londonien„
1004 1301 1042 1323 ac
1060 1292 1244 1323 Thomasio
1260 1291 1301 1323 de
1317 1290 1440 1329 Lahro,
1459 1291 1594 1323 Reatin.
1607 1300 1681 1323 can.
1699 1291 1780 1323 eccl.
1799 1292 1852 1331 (A.
1869 1293 1919 1330 20,
1931 1291 1955 1323 f.
1971 1293 2031 1323 244
2043 1292 2078 1331 ¹¹3
2099 1292 2132 1322 V.
2151 1295 2201 1330 76,
2218 1301 2272 1332 ep.
2284 1293 2370 1332 390.)

806 1344 938 1375 18651.
962 1363 999 1368 -
1020 1345 1123 1376 [slrico
1140 1345 1176 1376 de
1195 1345 1415 1383 Nummberch,
1428 1345 1552 1376 rectori
1567 1345 1703 1385 paroch.
1722 1345 1802 1376 eccl.
1822 1355 1850 1378 s.
1867 1346 2006 1377 Martini
2019 1346 2060 1378 de
2076 1346 2195 1385 Furth,
2209 1347 2371 1379 Bamber-

758 1409 834 1440 gen.
854 1400 912 1438 di.,
932 1400 1045 1431 collat.
1063 1408 1181 1430 canon.
1201 1400 1234 1430 et
1251 1398 1356 1439 praeb.
1373 1399 1453 1430 eccl.
1481 1399 1718 1439 Bambergen.,
1735 1407 1805 1430 vac.
1823 1408 1884 1439 per
1910 1401 2095 1432 consecrat.
2123 1400 2179 1432 bo.
2202 1409 2268 1432 me.
2288 1400 2367 1433 Got-

758 1454 838 1484 sridi
852 1454 919 1493 ep.i
936 1453 1157 1493 Herbipolen.
1171 1462 1180 1490 ;
1198 1461 1316 1484 canon.
1334 1454 1448 1484 autem
1466 1454 1499 1484 et
1515 1452 1619 1493 praeb.
1635 1462 1674 1484 ac
1688 1453 1755 1484 duo
1770 1453 2004 1493 praestimonia
2025 1453 2106 1485 eccl.
2126 1462 2154 1486 s.
2177 1453 2298 1486 Jacobi
2313 1463 2370 1487 ex-

757 1509 809 1538 tra
823 1516 939 1538 muros
954 1507 1177 1546 Bambergen.
1191 1507 1354 1538 dimittat.
1375 1522 1414 1530 -
1429 1506 1455 1538 I.
1475 1515 1504 1538 e.
1524 1515 1570 1538 m.
1588 1507 1623 1537 in
1647 1506 1861 1538 Wiltzburth
1885 1508 1918 1538 et
1941 1507 1977 1538 in
1998 1507 2170 1545 Ohausen,
2188 1508 2368 1549 Eysteten.

757 1561 815 1596 di.,
833 1562 978 1591 monast.
997 1560 1085 1596 abb„
1103 1569 1141 1591 ac
1168 1568 1258 1600 mag.
1287 1559 1415 1592 Jacobo
1434 1560 1475 1592 de
1501 1560 1649 1598 Mutina,
1676 1569 1748 1592 can.
1778 1560 2008 1599 Cameracen.,
2031 1561 2134 1601 Papae
2153 1570 2226 1602 cap.
2245 1561 2299 1601 (A.
2317 1562 2367 1599 20,

757 1615 779 1646 f.
798 1616 857 1646 259
874 1620 907 1650 a;
931 1614 962 1644 V.
982 1616 1031 1649 76,
1050 1623 1103 1654 ep.
1118 1615 1204 1654 418.)

803 1665 937 1698 18652.
959 1685 997 1690 -
1019 1666 1143 1698 [lh-icus
1158 1668 1194 1698 de
1209 1667 1430 1705 Nuremberch‚
1443 1676 1515 1699 can.
1533 1667 1680 1708 praeben.
1694 1668 1775 1699 eccl.
1790 1677 1817 1699 s.
1830 1668 1950 1700 Jacobi
1966 1670 2064 1700 extra
2077 1677 2194 1701 muros
2208 1669 2368 1702 Bamber-

755 1730 844 1761 gen.‚
864 1721 1054 1753 absolvitur
1072 1721 1114 1753 ab
1131 1722 1346 1754 inhabilitate
1362 1723 1395 1753 et
1410 1721 1663 1762 irregularitate
1679 1721 1829 1753 incursis
1844 1731 1887 1753 ex
1907 1730 1947 1754 eo
1970 1722 2061 1762 quod
2075 1722 2212 1763 paroch.
2236 1723 2318 1755 eccl.
2337 1731 2367 1755 s.

754 1776 892 1807 Martini
911 1775 945 1806 in
962 1775 1080 1812 Furth,
1098 1775 1320 1816 Bambergen.
1345 1775 1405 1812 di.,
1426 1784 1468 1807 ex
1484 1775 1665 1807 collatione
1679 1775 1838 1816 Volsingi
1856 1776 1926 1816 ep.i
1945 1775 2168 1816 Bambergen.
2189 1777 2368 1808 assecutus

755 1831 818 1864 est,
835 1829 915 1860 licet
934 1829 1009 1869 ipsa
1027 1838 1069 1860 ex
1087 1829 1294 1869 negligentia
1308 1829 1415 1869 eJusd.
1433 1829 1501 1869 ep.i
1519 1830 1612 1860 tanto
1627 1830 1780 1869 tempore
1797 1829 1967 1861 vacaverit
1977 1829 2068 1870 quod
2085 1829 2158 1870 eJus
2174 1830 2312 1863 collatio
2325 1830 2368 1862 ad

754 1883 787 1914 S.
806 1884 847 1913 A.
864 1885 936 1914 erat
952 1883 1104 1923 legitime
1121 1883 1280 1914 devoluta
1287 1892 1296 1919 ;
1313 1883 1534 1914 remittuntur
1546 1883 1650 1914 etiam
1666 1882 1697 1914 ei
1716 1882 1848 1914 fructus
1863 1883 1986 1914 exinde
2003 1883 2167 1923 percepti,
2182 1883 2367 1916 dummodo

756 1936 887 1968 fructus
904 1937 1008 1967 unius
1028 1936 1107 1967 anni
1124 1937 1224 1976 Papae
1245 1936 1380 1967 debitos
1396 1936 1496 1976 Juxta
1512 1937 1676 1967 reservat.
1695 1945 1798 1976 quam
1814 1936 1943 1967 dudum
1958 1936 2038 1968 fecit
2054 1937 2095 1968 de
2111 1936 2223 1969 benef.
2242 1946 2315 1968 vac.
2333 1939 2366 1969 et

755 1990 796 2020 ad
809 1990 994 2021 triennium
1010 1991 1132 2027 vacat„
1157 1998 1287 2021 necnon
1310 1990 1414 2021 unius
1431 1989 1574 2021 alterius
1590 1989 1670 2020 anni
1694 1998 1780 2029 quos
1800 1989 1835 2020 in
1861 1989 2055 2021 subsidium
2078 1991 2195 2022 contra
2218 1989 2365 2022 rebelles

754 2043 792 2074 E.
810 2043 852 2074 R.
870 2044 963 2083 Papa
979 2045 1204 2081 reservavert,
1223 2043 1345 2075 solvat.
1367 2043 1420 2083 (A.
1438 2044 1489 2081 20,
1506 2043 1529 2074 f.
1550 2044 1610 2074 266
1625 2042 1657 2079 ¹³3
1680 2042 1713 2073 V.
1730 2044 1779 2080 76,
1799 2051 1851 2083 ep.
1869 2042 1958 2084 432.)

801 2094 936 2126 18653.
960 2114 999 2118 -
1016 2097 1227 2127 Beneuenutus
1242 2097 1280 2128 fit
1293 2097 1334 2128 de
1350 2105 1437 2128 novo
1455 2105 1542 2137 mag.
1559 2096 1730 2137 generalis
1742 2097 1814 2128 ord.
1829 2096 2094 2134 Cruciferorum,
2109 2098 2259 2137 tempore
2274 2098 2366 2130 enim

754 2150 963 2189 provisionis
981 2151 1091 2191 ipsius
1109 2151 1292 2182 innodatus
1307 2151 1379 2182 erat
1395 2159 1527 2181 excom.
1543 2150 1713 2182 sententia
1731 2151 1848 2182 contra
1871 2159 1950 2182 eum
1972 2150 2042 2182 lata
2056 2160 2117 2191 per
2133 2151 2282 2183 vicarios
2297 2151 2368 2192 ep.i

754 2205 873 2235 Asten.
891 2213 932 2235 ex
950 2213 988 2236 eo
1005 2204 1095 2244 quod
1108 2205 1290 2244 quamdam
1310 2204 1461 2244 pecuniae
1472 2204 1710 2244 quantitatem,
1729 2203 1770 2235 ab
1786 2204 1861 2244 ipso
1874 2205 1956 2235 tunc
1968 2204 2082 2245 priore
2095 2204 2218 2237 domus
2233 2205 2366 2242 Asten.,

755 2258 809 2288 sui
823 2258 910 2295 ord.,
923 2260 955 2289 et
972 2258 1131 2289 Silvestri
1147 2259 1227 2289 tunc
1242 2266 1345 2298 mag„
1362 2266 1399 2289 ac
1412 2258 1558 2289 aliorum
1569 2257 1736 2298 priorum,
1751 2258 1823 2289 ord.
1834 2258 2026 2296 memorati,
2042 2259 2262 2298 procuratore
2277 2258 2366 2290 exis-

754 2312 857 2349 tente,
876 2313 994 2342 mutuo
1013 2312 1197 2351 receptam,
1215 2312 1250 2342 in
1276 2313 1403 2343 statuto
1417 2311 1565 2343 termino
1577 2311 1727 2342 nondum
1744 2311 1953 2343 restituerat.
1971 2311 2045 2342 —I.
2064 2320 2093 2343 e.
2105 2321 2150 2344 m.
2168 2312 2263 2344 univ.
2277 2313 2368 2353 prio-

756 2364 853 2395 ribus
873 2366 905 2396 et
921 2365 1085 2396 fratribus
1101 2365 1173 2396 ord.
1191 2365 1457 2397 Cruciserorum.
1474 2365 1527 2405 (A.
1547 2366 1599 2402 20,
1615 2365 1638 2396 f.
1655 2367 1715 2396 313
1730 2364 1766 2401 ¹³3
1789 2364 1827 2397 V.
1847 2367 1898 2401 76,
1914 2374 1967 2405 ep.
1983 2366 2044 2397 550
2057 2365 2110 2405 Β.)

801 2415 934 2448 18654.
953 2436 991 2441 -
1007 2418 1187 2449 Bernardus
1204 2419 1298 2459 prior
1316 2418 1513 2450 claustralis
1528 2420 1676 2450 monast.
1703 2418 1743 2450 de
1762 2418 1949 2455 Candeffls,
1966 2419 2108 2451 Cisterc.
2125 2419 2212 2458 ord.,
2227 2419 2366 2452 Albien.

755 2472 813 2506 di.,
831 2472 1014 2511 praeficitur
1030 2474 1063 2503 in
1082 2472 1159 2503 abb.
1177 2474 1323 2504 monast.
1340 2472 1592 2509 Vallissanctae,
1610 2472 1694 2504 dicti
1721 2472 1808 2510 ord.,
1831 2473 1954 2512 Apten.
1977 2472 2037 2510 di.,
2054 2481 2127 2504 vac.
2144 2481 2204 2513 per
2219 2473 2368 2505 transla-

754 2525 881 2556 tionem
894 2525 1071 2557 Guillelmi
1085 2526 1128 2557 ad
1139 2525 1310 2557 abbatiam
1323 2527 1469 2557 monast.
1480 2525 1698 2566 Aquaehellae,
1712 2525 1794 2557 dicti
1805 2525 1892 2564 ord.,
1908 2526 2109 2558 Tricastrin.
2122 2526 2169 2557 di.
2181 2543 2220 2549 —
2232 2526 2259 2558 I.
2274 2535 2304 2558 e.
2317 2535 2366 2558 m.

756 2578 861 2618 priori
881 2580 913 2609 et
930 2587 1024 2611 conv,
1044 2581 1190 2610 monast.
1208 2579 1446 2611 Vallissanctae
1463 2579 1627 2620 praedIcti.
1646 2579 1701 2619 (A.
1717 2580 1768 2617 20,
1787 2579 1812 2610 f.
1830 2580 1892 2611 410
1907 2578 1921 2600 ¹³
1930 2588 1940 2615 ;
1963 2579 1999 2611 V.
2018 2581 2068 2618 76,
2089 2588 2142 2619 ep.
2158 2580 2243 2620 802.)

802 2628 935 2661 18655.
956 2649 995 2654 -
1011 2632 1050 2663 Ν.
1069 2643 1110 2663 m.
1130 2633 1258 2664 Joannae
1274 2633 1433 2664 comitissae
1450 2631 1619 2664 Nivernen.
1640 2633 1806 2673 indulget.
1825 2634 1863 2664 ut
1887 2633 2063 2665 confessor
2083 2641 2167 2664 suus
2182 2633 2366 2666 absolutio-

757 2684 811 2716 nis
826 2685 1014 2716 remedium
1032 2687 1118 2718 auct.
1137 2688 1245 2726 apost.
1262 2686 1329 2726 ipsi
1345 2686 1542 2727 impendere
1560 2686 1684 2718 valeat.
1700 2686 1755 2727 (A.
1773 2687 1826 2723 21,
1842 2686 1866 2717 f.
1883 2687 1923 2718 92
1935 2685 1966 2724 ¹²;
1989 2685 2022 2717 V.
2038 2688 2089 2724 77,
2107 2695 2161 2727 ep.
2179 2687 2287 2727 1274.)

803 2735 938 2767 18656.
956 2757 995 2761 -
1012 2739 1088 2770 Eid.
1108 2740 1303 2781 indulgetur
1318 2741 1356 2772 ut
1376 2748 1454 2772 cum
1468 2748 1531 2772 sex
1547 2739 1714 2771 matronis
1732 2742 1877 2771 monast.
1902 2739 2104 2772 monialium
2127 2748 2366 2780 quorumcum-

757 2799 822 2831 que
840 2792 913 2822 ord.
931 2792 1063 2832 ingredi
1082 2793 1205 2824 valeat.
1224 2794 1277 2833 (A.
1296 2794 1348 2831 21,
1365 2793 1388 2824 f.
1405 2795 1446 2826 92
1460 2793 1490 2831 ¹³3
1515 2793 1549 2824 V.
1567 2795 1619 2831 77,
1638 2802 1691 2833 ep.
1708 2794 1814 2834 1275.)

804 2841 938 2873 18657.
961 2862 1000 2868 -
1018 2845 1095 2877 Eid.
1111 2847 1308 2887 indulgetur
1325 2848 1362 2879 ut
1377 2847 1413 2878 in
1430 2846 1516 2879 locis
1531 2846 1713 2878 interdicto
1725 2846 1916 2888 suppositis
1928 2846 2046 2878 divina
2059 2847 2115 2879 off.
2134 2847 2300 2879 celebrari
2319 2847 2367 2880 fa-

757 2897 834 2929 ciat.
856 2898 911 2938 (A.
934 2899 984 2936 21,
1002 2899 1026 2929 f.
1043 2901 1083 2931 92
1102 2899 1131 2937 ¹³;
1156 2900 1192 2932 V.
1210 2902 1261 2938 77,
1277 2909 1330 2943 ep.
1348 2901 1453 2940 1276.)

804 2948 940 2980 18658.
959 2969 997 2974 -
1014 2951 1125 2983 Eidem
1143 2953 1307 2996 indulget.
1331 2955 1369 2986 ut
1385 2955 1457 2985 tres
1471 2962 1545 2994 cap.
1566 2962 1628 2985 seu
1643 2953 1723 2985 cler.
1742 2953 1811 2990 sui,
1830 2953 1942 2993 ipsius
1962 2952 2138 2994 obsequiis
2153 2954 2365 2992 insistentes,

756 3004 887 3036 fructus
902 3004 1013 3036 benef.
1031 3014 1171 3037 suorum
1187 3006 1229 3038 ad
1246 3007 1434 3043 triennium
1451 3007 1642 3050 percipiant
1658 3006 1786 3047 absque
1807 3006 2004 3039 residentia.
2021 3024 2060 3030 —
2074 3007 2101 3039 Ι.
2126 3015 2156 3039 e.
2175 3017 2221 3039 m.
2241 3008 2366 3040 Joanni
