2592 3562
485 345 738 376 APPENDICES
763 346 817 376 AD
840 345 985 377 NONUM
1008 347 1204 378 BULLARII
1225 348 1398 379 JOANNIS
1420 350 1511 380 XXII
1532 350 1693 382 ANNUM.
1715 369 1754 374 —
1779 353 2012 393 (1316-1334)
2197 357 2255 387 463

302 537 340 565 19
355 539 436 565 marc.
458 537 544 564 1325.

300 695 339 723 22
355 698 438 723 mart.
457 695 545 723 1325.

341 740 401 767 Ind.
414 739 502 767 vnn.

295 802 335 830 23
350 804 434 830 mart.
455 802 543 830 1325.

336 847 397 875 Ind.
414 846 501 875 vl11·.

292 961 333 990 24
349 966 432 990 mart.
453 962 542 990 1323.

332 1007 394 1036 Ind.
418 1007 503 1034 VHF.

376 1122 413 1150 Ut
433 1131 456 1150 s.

289 1228 330 1256 25
347 1232 429 1256 mart.
450 1228 538 1256 1325.

329 1272 392 1301 Ind.
415 1272 503 1299 V1112.

291 1333 333 1360 26
346 1337 429 1361 mart.
450 1333 539 1362 4325.

331 1378 394 1406 Ind.
414 1378 499 1406 vl11·.

374 1492 410 1520 Ut
426 1501 449 1519 s.

371 1598 407 1626 Ut
427 1607 450 1626 s.

290 1705 327 1732 27
346 1708 428 1732 mart.
450 1705 539 1733 1325.

328 1749 388 1776 lnd.
410 1750 495 1778 vl11·.

372 1865 409 1893 Ut
427 1874 452 1893 s,

288 2024 325 2052 31
341 2027 424 2053 mart.
443 2024 532 2053 1325.

305 2181 325 2209 a
344 2190 406 2218 apr.
426 2182 514 2211 1325.

328 2228 388 2255 md.
406 2228 492 2255 v111·.

306 2341 324 2369 7
343 2350 405 2378 apr.
425 2342 512 2371 1325.

305 2554 324 2583 8
343 2562 404 2590 apr.
424 2554 511 2583 1325.

303 2713 322 2741 9
340 2722 403 2749 apr.
425 2713 513 2744 1325.

323 2758 384 2785 Iud.
403 2758 490 2785 vnv.

293 2924 328 2951 11
349 2932 411 2960 apr.
433 2925 522 2954 1325.

322 2968 385 2997 Iud.
403 2969 490 2997 VHF.

709 533 845 564 23305.
865 553 902 558 -
921 536 1097 574 Instrum.,
1115 537 1285 567 munitum
1303 538 1416 577 sigillo
1429 539 1552 578 judicis
1569 540 1745 577 Aversan„
1768 549 1869 580 super
1883 542 2109 581 publicatione
2123 554 2254 585 proces-

665 597 766 619 suum
788 590 905 620 contra
927 589 1138 620 Ludovicum
1162 590 1330 621 Bavarum
1352 591 1387 621 in
1407 592 1498 622 civit.
1526 593 1711 624 Aversana.
1738 593 1894 634 (Armario
1917 594 1952 630 C,
1971 596 2048 635 fasc.
2068 598 2119 636 53,
2146 608 2176 630 η.
2198 601 2255 638 223

688 651 721 672 er
746 665 751 671 .

663 651 685 682 p
708 643 846 724 293)306.
866 713 905 718 —
919 695 1004 726 Item
1022 695 1055 725 in
1072 697 1163 726 terra
1175 697 1332 728 summae.
1350 696 1506 735 (Armario
1528 697 1562 735 C,
1578 698 1655 738 fasc.
1673 700 1723 738 57,
1740 709 1770 730 n.
1786 701 1840 735 11;
1857 710 1944 740 per-y.
1961 700 2107 742 longum.)

709 799 845 831 23307.
865 819 903 824 -
920 802 1082 832 Instrum.
1105 802 1273 833 munitum
1302 803 1415 842 sigillo
1436 803 1561 842 judicis
1584 804 1686 835 Trani
1715 805 1754 835 de
1780 805 2006 844 publicatione
2035 816 2254 847 processuum

663 857 780 886 contra
797 855 1003 886 Ludovicum
1021 855 1189 885 Bavarum
1206 856 1238 886 et
1251 855 1341 886 filios
1356 855 1490 886 Mathaei
1506 856 1545 887 de
1561 857 1826 888 vicecomitibus
1842 858 1929 889 facta
1941 859 1973 889 in
1989 860 2124 892 civitate
2140 862 2254 894 Trani.

663 908 822 947 (Armario
839 907 875 946 C,
890 907 970 948 fasc.
988 909 1038 945 56,
1058 918 1088 937 n.
1108 909 1160 943 14,·
1178 907 1276 948 pery.)

707 958 842 990 23308.
862 979 899 985 -
915 961 1076 992 Instrum.
1094 960 1334 999 publicationis
1350 970 1572 1000 processuum
1588 964 1703 992 contra
1718 963 1924 994 Ludovicum
1942 965 2109 997 Bavarum
2120 968 2152 998 et
2166 968 2255 999 filios

661 1014 794 1046 Mathaei
811 1015 850 1045 de
867 1013 1135 1045 vicecomitibus
1151 1014 1185 1045 in
1206 1015 1317 1046 castro
1340 1014 1464 1046 Baroli.
1481 1015 1639 1055 (Ar-mario
1657 1015 1691 1052 C,
1708 1016 1785 1055 fasc,
1801 1017 1852 1055 54,
1868 1026 1900 1047 η.
1918 1018 1954 1048 21
1964 1026 1972 1054 ;
1987 1027 2075 1058 per-9.
2092 1019 2192 1060 siqillo
2203 1021 2257 1061 ju-

662 1067 737 1098 dicis
751 1067 825 1098 dicti
838 1068 932 1098 castri
947 1067 1120 1106 munitum.)

705 1118 843 1150 23309.
860 1139 897 1144 -
912 1121 998 1152 Item
1020 1120 1056 1151 in
1080 1120 1160 1152 eccl.
1180 1121 1218 1152 O.
1237 1121 1275 1152 F.
1294 1120 1333 1151 P.
1362 1120 1519 1152 Civitatis
1540 1129 1567 1151 s.
1594 1121 1719 1152 Mariae.
1747 1122 1903 1160 (Ar-mario
1925 1123 1959 1161 C,
1982 1124 2062 1164 fasc.
2079 1126 2129 1161 55,
2149 1136 2179 1157 n.
2200 1128 2255 1164 133

684 1184 716 1203 ΕΓ
742 1197 748 1203 .

659 1183 681 1214 p
707 1175 843 1256 2ᾳὸ)310.
861 1245 895 1250 -
915 1227 1001 1258 Item
1019 1227 1052 1258 in
1067 1227 1147 1258 eccl.
1166 1227 1203 1259 Ο.
1217 1227 1254 1258 F.
1270 1227 1307 1258 P.
1325 1226 1526 1258 Salernitan.
1544 1226 1703 1267 (Armario
1719 1227 1755 1265 C,
1773 1228 1851 1267 fasc.
1868 1230 1918 1266 55,
1936 1240 1966 1259 n.
1982 1231 2017 1266 9;
2033 1231 2137 1271 pei-9.)

703 1330 841 1363 23311.
863 1350 901 1355 —-
916 1333 1092 1368 Instrum.,
1117 1332 1231 1372 sigillo
1253 1332 1378 1372 judicis
1403 1332 1574 1363 Sulmonae
1603 1333 1785 1370 munitum,
1807 1334 1847 1365 de
1871 1334 2100 1374 publicatione
2124 1346 2257 1376 proces-

659 1395 757 1417 suum
773 1387 888 1416 contra
903 1385 1113 1416 Ludovicum
1124 1386 1293 1416 Bavarum
1307 1385 1342 1415 in
1357 1385 1478 1425 majori
1490 1386 1633 1417 ecclesia
1648 1386 1874 1418 Sulmontina.
1888 1387 2046 1427 (Armario
2063 1390 2099 1426 C,
2112 1390 2188 1429 fasc.
2203 1393 2254 1426 53,

657 1450 687 1470 n.
708 1441 760 1474 11;
776 1440 878 1479 perq.)

702 1489 842 1522 23312.
858 1511 895 1515 -
913 1492 999 1522 Item
1017 1492 1051 1522 in
1069 1491 1148 1522 eccl.
1163 1491 1197 1522 S.
1215 1491 1259 1522 M.
1277 1491 1317 1522 de
1336 1492 1472 1522 Lanova
1487 1492 1527 1522 de
1542 1492 1735 1531 Monopulo.
1755 1493 1912 1531 (Armorio
1927 1493 1962 1532 C,
1981 1494 2059 1534 fasc.
2079 1497 2128 1533 54,
2145 1506 2176 1527 η.
2201 1498 2254 1533 10,

656 1547 759 1586 pem)

703 1595 838 1627 23313.
858 1616 897 1621 -
912 1598 1046 1630 Relatio
1063 1597 1303 1637 publicationis
1318 1606 1538 1637 processuum
1552 1600 1668 1629 contra
1683 1598 1773 1629 filios
1786 1599 1919 1630 Mathaei
1936 1600 1976 1631 de
1990 1601 2255 1634 vicecomitibus

659 1651 753 1683 factae
767 1652 802 1682 in
821 1651 900 1683 eccl.
918 1652 951 1683 S.
969 1651 1014 1682 M.
1032 1651 1073 1682 de
1089 1651 1226 1682 Lanova
1241 1651 1282 1682 de
1298 1650 1493 1690 Monopulo.
1513 1651 1670 1689 (Armario
1689 1651 1724 1687 C,
1739 1652 1817 1690 fasc.
1836 1654 1886 1690 12,
1902 1662 1933 1682 η.
1949 1654 2004 1689 22;
2019 1656 2121 1695 per-9.)

703 1701 838 1734 23314.
860 1723 897 1727 —-
922 1705 1084 1735 Instrum.
1106 1704 1276 1734 munitum
1302 1703 1416 1743 sigillo
1436 1703 1562 1743 judicis
1585 1705 1705 1735 Baren.
1728 1705 1768 1736 de
1786 1705 2014 1744 publicatione
2032 1716 2254 1746 processuum

657 1759 774 1789 contra
789 1758 998 1789 Ludovicum
1013 1758 1182 1788 Bavarum
1198 1758 1231 1787 ot
1247 1757 1337 1787 filios
1355 1756 1487 1788 Mathaei
1508 1757 1548 1787 de
1569 1757 1835 1788 Vicecomitibus
1854 1758 1940 1790 facta
1959 1759 1992 1789 in
2006 1760 2086 1791 eccl.
2101 1760 2133 1791 b.
2155 1761 2253 1793 Nico-

658 1811 757 1842 laide
772 1812 869 1842 Baro.
888 1811 1044 1851 (Ar-mario
1063 1810 1098 1847 C,
1117 1810 1196 1850 fasc.
1215 1811 1266 1847 59,
1283 1820 1313 1839 n.
1327 1812 1364 1847 93
1382 1811 1483 1850 perq.)

702 1862 841 1894 23315.
862 1882 900 1887 -
918 1865 1005 1895 Item
1023 1864 1056 1894 in
1079 1863 1160 1895 eccl.
1184 1864 1216 1895 S.
1236 1864 1281 1895 M.
1299 1863 1506 1903 Magdalenae
1527 1864 1565 1895 O.
1592 1864 1629 1895 F.
1654 1864 1692 1894 P.
1713 1865 1810 1895 terrae
1829 1865 2080 1897 Manfredoniae.
2108 1867 2252 1899 Exstant

656 1917 845 1957 fragmenta
871 1917 1064 1957 sigillorum
1085 1916 1210 1956 judicis
1235 1918 1267 1947 et
1295 1916 1554 1947 locumtenentis
1576 1917 1701 1956 prioris
1732 1917 1927 1948 eorumdem
1953 1917 2107 1950 fratrum.
2129 1920 2252 1960 (Arma-

655 1971 702 2001 rio
721 1970 754 2005 C,
771 1971 848 2011 fasc.
866 1972 916 2007 53,
935 1981 967 2001 n.
988 1972 1040 2006 123
1058 1971 1162 2010 perq.)

700 2021 837 2053 23316.
854 2042 892 2046 —
909 2023 1044 2055 Relatio
1060 2022 1302 2062 publicationis
1316 2031 1537 2062 processuum
1549 2024 1664 2054 contra
1677 2023 1766 2054 filios
1781 2023 1914 2054 Mathaei
1930 2024 1970 2055 de
1985 2024 2250 2057 vicecomitibus

655 2076 751 2108 factae
767 2077 803 2107 in
819 2076 963 2108 ecclesia
978 2076 1067 2107 beati
1084 2076 1257 2107 Amatoris
1277 2075 1562 2106 Autisiodorensi.
1584 2077 1705 2107 Actum
1726 2076 1780 2106 die
1802 2076 1969 2108 dominica
1985 2077 2019 2108 in
2036 2078 2155 2109 Ramis
2176 2080 2252 2111 Pal-

655 2139 786 2161 marum
805 2131 895 2167 1325,
913 2130 982 2161 ind.
1003 2129 1111 2167 VIII²‚
1127 2129 1269 2160 Joannis
1284 2128 1385 2160 XXII
1401 2137 1487 2159 anno
1506 2137 1604 2159 nono.
1627 2129 1783 2166 (Armario
1801 2128 1835 2164 C,
1853 2129 1931 2169 fasc.
1947 2132 1999 2167 16,
2015 2140 2045 2160 η.
2062 2133 2094 2166 7,·
2111 2132 2212 2172 perq.)

699 2180 836 2212 23317.
855 2199 894 2204 -
910 2183 1075 2213 Instrum.
1097 2191 1173 2213 cum
1193 2182 1307 2222 sigillo
1319 2181 1445 2221 judicis
1468 2182 1560 2213 civit.
1580 2182 1785 2212 Brundusio.
1805 2191 1907 2222 super
1929 2182 2156 2222 publicatione
2175 2194 2249 2224 pro-

654 2244 812 2267 cessuum
838 2236 954 2267 contra
981 2235 1190 2266 Ludovicum
1215 2236 1384 2266 Bavarum
1412 2236 1445 2265 et
1469 2234 1558 2266 filios
1576 2234 1709 2266 Mathaei
1733 2235 1773 2265 de
1799 2235 2063 2267 Vicecomitibus
2081 2237 2116 2267 in
2133 2238 2250 2269 eadem

654 2288 801 2320 civitate.
823 2289 981 2327 (Armario
1004 2287 1039 2324 C,
1059 2288 1137 2327 fasc.
1152 2289 1203 2325 53,
1220 2298 1252 2318 n.
1268 2288 1439 2328 35;per9.)

698 2339 836 2371 23318.
856 2358 894 2363 -
910 2342 1180 2373 Instrumentum
1204 2340 1446 2380 publicationis
1466 2349 1687 2380 processuum
1709 2342 1825 2372 contra
1844 2341 1933 2372 filios
1950 2341 2083 2373 Mathaei
2098 2343 2137 2373 de
2154 2343 2250 2375 Vice-

653 2394 836 2426 comitibus
852 2396 885 2426 et
901 2394 1109 2425 Ludovicum
1129 2394 1247 2424 ducem
1264 2393 1415 2425 Bavariae
1431 2394 1466 2424 in
1482 2394 1626 2425 ecclesia
1645 2394 1842 2425 Vulterana.
1866 2394 1987 2425 Actum
2004 2394 2058 2426 die
2074 2395 2249 2427 dominicae

652 2447 828 2479 Paschatis
847 2447 1119 2479 Resurrectionis
1137 2447 1274 2478 Domini
1293 2455 1366 2486 quae
1386 2446 1449 2477 fuit
1467 2446 1547 2478 VII²
1561 2447 1690 2478 mensis
1712 2446 1831 2486 aprilis
1854 2448 1944 2484 1325,
1964 2447 2031 2477 ind.
2050 2448 2155 2479 V1112.
2179 2449 2251 2489 (Ar-

652 2501 750 2532 mario
767 2500 802 2538 C,
819 2501 899 2541 fasc.
915 2502 966 2538 52,
983 2510 1014 2531 η.
1034 2502 1088 2537 143
1103 2509 1192 2540 per-q.
1207 2501 1358 2539 strictum,
1375 2499 1429 2530 sed
1446 2498 1599 2539 longum.)

698 2551 834 2584 23319.
853 2572 892 2576 -
908 2554 1069 2585 Instrum.
1094 2553 1135 2584 de
1164 2553 1394 2592 publicatione
1417 2552 1505 2583 facta
1528 2553 1563 2583 in
1582 2553 1682 2593 Troja
1706 2561 1927 2592 processuum
1950 2554 1982 2584 et
2005 2553 2248 2584 sententiarum

652 2609 768 2639 contra
795 2608 1004 2639 Ludovicum
1025 2608 1194 2638 Bavarum
1217 2607 1249 2637 et
1273 2606 1453 2638 Mathaeum
1478 2605 1518 2636 de
1542 2604 1809 2637 vicecomitibus
1836 2606 1991 2636 latarum.
2022 2606 2181 2646 (Armario
2209 2606 2246 2641 C,

650 2661 729 2701 fasc.
746 2662 797 2699 53,
816 2671 847 2690 n.
862 2662 918 2697 27;
934 2661 1037 2701 per-q.)

697 2711 834 2744 23320.
850 2732 888 2737 -
902 2714 1039 2745 Litterae
1054 2713 1122 2753 ep.i
1137 2714 1169 2744 et
1185 2712 1285 2752 capit.
1302 2712 1496 2748 Civitaten.‚
1511 2720 1587 2742 cum
1609 2711 1808 2750 fragmentis
1824 2711 1975 2750 ipsorum
1992 2710 2107 2750 sigilli,
2127 2711 2168 2741 ad
2185 2711 2244 2742 Ca-

650 2776 751 2808 puan.
772 2769 804 2799 et
820 2767 1035 2807 Neapolitan.
1054 2766 1244 2806 archiep.0s
1266 2766 1307 2796 de
1330 2764 1559 2805 publicatione
1585 2772 1805 2804 processuum
1827 2765 1943 2794 contra
1958 2763 2164 2794 Ludovicum
2182 2763 2244 2794 Ba-

651 2829 769 2852 varum
785 2822 817 2852 et
835 2820 1060 2852 vicecomites
1083 2819 1118 2851 in
1140 2819 1261 2859 majori
1277 2818 1421 2850 ecclesia
1438 2817 1617 2849 Civitaten.
1635 2817 1792 2856 (Ar-mario
1813 2814 1849 2854 C,
1875 2815 1951 2855 fasc.
1972 2817 2021 2851 53,
2039 2825 2070 2845 n.
2095 2817 2133 2846 10
2141 2825 2151 2853 ;
2180 2826 2245 2846 car-

650 2875 831 2956 tacggggl.
851 2945 889 2949 —
905 2927 1081 2963 Instrum.,
1101 2925 1215 2965 sigillo
1238 2925 1408 2956 Simeonis
1432 2923 1576 2955 Buttarii
1595 2922 1721 2962 judicis
1737 2921 1908 2952 Tarentin.
1927 2920 2105 2955 munitum,
2122 2921 2162 2951 de
2185 2929 2244 2960 pu-

649 2979 832 3011 blicatione
848 2987 1070 3020 processuum
1086 2980 1202 3010 contra
1215 2978 1426 3009 Ludovicum
1440 2977 1606 3007 Bavarum
1623 2976 1655 3005 et
1671 2974 1760 3004 filios
1775 2973 1907 3004 Mathaei
1926 2973 1966 3004 de
1983 2972 2247 3004 vicecomitibus

649 3033 685 3064 in
699 3032 821 3073 majori
837 3032 979 3064 ecclesia
995 3032 1169 3063 Tarentin.
1185 3030 1343 3071 (Armario
1361 3028 1396 3066 C,
1410 3030 1488 3068 fasc.
1503 3029 1554 3065 53,
1571 3038 1602 3059 n.
1624 3030 1638 3058 1
1646 3037 1655 3064 ;
1676 3026 1779 3066 per-9.)
