2592 3562
335 281 393 312 130

364 371 469 398 Datum
489 363 673 399 Avenione.

367 473 404 500 45
418 471 481 508 (id.)
496 472 564 499 maii
579 469 667 498 1324.

444 517 473 543 T.
493 515 588 543 xxiv.

478 578 513 606 Ut
533 585 556 605 s.

426 623 456 650 T.
475 623 521 655 XI,
534 621 605 649 XIII.

479 844 512 872 Ut
532 852 556 871 s.

365 889 412 916 Gr.
431 897 483 924 pro
502 896 567 924 nep.
588 887 667 915 card.

476 1111 513 1139 Ut
532 1119 556 1138 s.

427 1157 457 1184 T.
474 1156 520 1190 XI,
536 1155 607 1183 XIII.

481 1326 517 1353 Ut
531 1333 555 1352 s.

445 1371 475 1399 T.
495 1370 589 1398 XXVI.

482 1539 519 1567 Ut
534 1548 559 1567 s.

416 1586 446 1612 T.
467 1585 538 1618 XIV,
554 1584 624 1611 XVI.

483 1970 520 1998 Ut
534 1978 558 1997 s.

483 2287 519 2315 Ut
539 2296 563 2315 s.

431 2333 462 2360 T.
480 2333 526 2367 xl,
541 2333 613 2360 x111.

484 2556 519 2584 Ut
539 2565 564 2584 s.

480 2825 517 2853 Ut
543 2833 567 2853 e.

473 2870 505 2897 T.
521 2870 577 2897 XX.

733 276 906 308 JOANNIS
929 276 1048 307 PAPAE
1070 276 1171 307 XXII.
1196 278 1445 315 (1316-1334).
1469 295 1506 300 —
1530 276 1716 308 LITTERAE
1736 276 1963 309 COMMUNES

809 466 942 498 19565.
961 487 999 492 -
1014 467 1090 499 Eid.
1108 468 1273 508 indulget.
1289 469 1326 499 ut
1346 468 1522 501 confessor
1547 477 1631 500 suus
1654 469 1685 500 ei
1707 469 1814 501 semel
1832 469 1868 501 in
1892 469 2014 502 mortis
2039 470 2191 510 periculo
2210 471 2365 504 omnium

761 525 976 563 peccatorum
993 530 1133 553 suorum
1148 521 1388 553 remissionem
1403 522 1587 554 concedere
1603 522 1725 554 valeat.
1753 522 1805 563 (A.
1827 524 1878 561 20,
1898 523 1921 554 f.
1939 524 1996 555 551
2014 522 2045 561 k·;
2068 523 2104 555 V.
2119 525 2171 562 77,
2188 532 2241 565 ep.
2260 525 2366 564 1005.)

808 572 943 605 19566.
962 592 1001 598 -
1018 574 1108 606 Petro
1127 574 1163 606 de
1178 585 1202 605 s.
1217 575 1317 611 Jorio,
1338 573 1436 615 lequm
1463 574 1591 613 doctori,
1614 584 1709 616 prov.
1733 584 1852 608 canon.
1881 575 1963 608 eccl.
1989 575 2184 609 Gebennen.
2205 577 2270 609 sub
2284 585 2363 618 exp.

762 628 885 669 praeb.;
902 637 969 660 non
983 628 1070 660 obst.
1089 628 1124 659 in
1142 628 1333 660 Lausanen.
1352 628 1576 667 thesauraria,
1594 630 1627 660 et
1644 638 1763 661 canon.
1779 629 1843 660 sub
1859 637 1956 669 exsp.
1972 629 2091 670 praeb„
2109 639 2147 662 ac
2160 630 2365 671 quibusdam

761 682 871 714 benef.
890 682 924 713 in
940 682 981 713 de
997 682 1131 722 Fernay
1148 683 1182 713 et
1199 681 1426 719 Bellimontis,
1454 682 1670 723 personagiIs
1697 682 1824 714 ibidem
1840 682 2026 723 vulgariter
2047 684 2266 724 nuncupatis,
2282 685 2366 717 eccl.

762 735 957 769 Gebennen.
975 735 1021 767 di.
1040 753 1078 758 —
1094 735 1121 766 Ι.
1138 743 1168 767 e.
1185 743 1230 766 m.
1248 744 1275 766 s.
1300 735 1380 776 Syri
1403 736 1561 773 Januen.,
1579 737 1612 768 et
1629 745 1658 767 s.
1678 736 1829 767 Mauritii
1845 736 2011 776 Agauen„
2030 736 2199 768 Sedunen.
2216 737 2277 775 di.,
2297 746 2369 770 mo·

762 791 849 821 nast.
862 789 951 827 abb„
970 798 1007 820 ac
1020 788 1170 829 Aymoni
1181 788 1222 820 de
1239 789 1381 829 Blonay,
1395 797 1467 820 can.
1484 789 1677 821 Lausanen.
1691 789 1774 821 eccl.
1787 789 1839 828 (A.
1852 790 1903 826 20,
1919 789 1942 820 f.
1954 791 2056 827 481·;
2078 789 2115 821 V.
2128 791 2178 826 77,
2193 799 2247 831 ep.
2260 791 2368 831 1031.)

810 840 944 872 19567.
963 860 1002 865 —
1023 842 1196 873 Raimundo
1218 841 1254 872 de
1269 842 1388 879 Pracis,
1406 851 1483 882 nep.
1500 842 1593 874 Petri
1609 842 1678 882 ep.i
1693 842 1894 874 Praenestin.
1909 842 2069 883 suppIIc„
2087 843 2308 876 conferuntur
2325 844 2367 876 de

762 898 873 928 Azaco
890 899 922 928 et
940 896 980 928 de
995 896 1168 928 Villarasa
1181 895 1312 927 rurales
1321 896 1402 927 eccl.
1418 896 1522 927 simul
1541 905 1692 934 annexae,
1703 896 1947 928 Carcassonen.
1965 896 2025 934 di.,
2039 898 2115 928 ante
2127 896 2260 929 obitum
2277 906 2367 938 mag.

762 950 926 982 Bernardi
943 950 1097 986 Andreae‚
1116 949 1202 981 alias
1220 949 1302 980 dicti
1320 949 1360 980 de
1381 949 1605 987 Carcassona,
1632 958 1693 989 per
1720 950 1758 980 P.
1784 950 1821 981 P.
1849 950 2008 990 disposit.
2035 959 2105 982 suae
2120 952 2311 982 reservatae.
2329 968 2369 974 —-

762 1005 790 1036 I.
809 1013 837 1035 e.
857 1013 903 1035 m.
919 1002 995 1035 abb.
1018 1003 1165 1034 monast.
1183 1011 1210 1034 s.
1233 1002 1373 1043 AEgidii,
1398 1003 1605 1034 Nemausen.
1628 1003 1687 1037 di.,
1706 1004 1739 1034 et
1762 1003 1914 1034 sacristae
1938 1003 2198 1042 carcassonen„
2222 1013 2260 1036 ac
2277 1012 2368 1046 mag.

762 1057 948 1090 Guillelmo
961 1057 1002 1088 de
1013 1056 1200 1093 Duroforti,
1214 1065 1286 1087 can.
1300 1055 1453 1087 Anicien.
1467 1055 1561 1092 eccl„
1577 1056 1678 1096 Papae
1688 1064 1760 1096 cap.
1777 1056 1830 1096 (A.
1847 1058 1899 1094 20,
1915 1056 1938 1088 f.
1951 1056 2055 1094 5551‘5
2076 1057 2111 1088 V.
2127 1059 2176 1095 77,
2195 1065 2248 1097 ep.
2264 1058 2369 1097 1040.)

810 1107 944 1139 19568.
964 1128 1003 1133 -
1016 1109 1114 1140 Heliae
1126 1109 1162 1140 de
1177 1109 1318 1144 For-esea,
1336 1109 1415 1140 cler.
1435 1109 1614 1140 Caturcen.
1631 1108 1691 1146 di.,
1707 1109 1817 1150 gratia
1842 1118 1938 1150 exsp.
1962 1109 2075 1142 henes.
2092 1110 2207 1142 saecul.
2226 1111 2268 1151 (c.
2286 1119 2315 1142 c.
2331 1111 2372 1143 60

763 1165 818 1196 vel
833 1173 899 1195 s.c.
916 1165 956 1195 40
971 1164 993 1195 l.
1009 1162 1061 1203 t.>,
1081 1163 1205 1203 pertin.
1223 1163 1264 1193 ad
1280 1162 1393 1193 collat.
1412 1162 1480 1202 ep.i
1497 1162 1756 1200 carcassonen„
1774 1163 1810 1194 in
1822 1162 1916 1195 civit.
1932 1163 1987 1194 vel
2006 1163 2053 1194 di.
2072 1164 2316 1196 carcassonen.
2331 1180 2370 1187 —

763 1219 790 1250 Ι.
805 1227 834 1250 e.
852 1227 896 1249 m.
914 1217 990 1248 abb.
1008 1218 1154 1248 monast.
1172 1217 1314 1253 Fuxen.,
1335 1215 1583 1255 Appamiarum
1601 1215 1661 1252 di.,
1678 1217 1710 1247 et
1732 1224 1835 1256 praep.
1854 1216 2068 1256 Mirapicen.,
2093 1225 2131 1248 ac
2153 1217 2281 1249 archid.
2309 1218 2371 1250 Be-

764 1280 898 1304 nascen.
914 1271 1059 1302 Ilerden.
1077 1269 1157 1301 eccl.
1174 1269 1225 1307 (A.
1244 1270 1294 1305 20,
1309 1268 1332 1299 f.
1348 1269 1407 1300 485
1422 1268 1455 1304 ὓς
1481 1267 1513 1298 V.
1529 1270 1579 1305 77,
1596 1277 1649 1308 ep.
1667 1269 1772 1308 1049.)
1963 1304 1966 1306 ,

811 1322 946 1354 19569.
964 1323 1101 1364 -Εμο
1127 1323 1255 1354 Jauren.
1281 1322 1395 1353 mand.
1424 1323 1461 1353 ut
1490 1321 1645 1353 absolvat
1661 1331 1695 1353 n.
1723 1331 1755 1353 v,
1780 1322 1952 1354 Andream
1975 1323 2133 1364 Gregorii
2154 1324 2314 1356 comitem
2328 1324 2370 1356 de

765 1380 890 1411 Ferreo
906 1379 1028 1414 castro,
1046 1385 1116 1407 suae
1135 1376 1193 1413 di.,
1211 1375 1252 1406 ab
1269 1384 1399 1406 excom.
1418 1375 1599 1407 sententiis
1612 1375 1760 1407 incursis
1782 1384 1825 1407 ex
1840 1384 1879 1407 eo
1896 1376 1987 1416 quod
2008 1376 2181 1408 interdum
2197 1386 2234 1409 se
2251 1377 2293 1410 ab
2307 1378 2371 1409 ini·

765 1432 865 1463 micis
875 1431 948 1462 suis
963 1429 1173 1461 defendendo
1188 1429 1302 1469 pluria
1315 1429 1439 1460 damna
1456 1428 1631 1460 nonnullis
1647 1429 1728 1460 eccl.
1740 1430 1773 1461 et
1781 1429 1850 1469 piis
1861 1429 1947 1461 locis
1960 1429 2087 1462 intulit.
2099 1430 2153 1470 (A.
2164 1432 2214 1468 20,
2228 1431 2251 1463 f.
2261 1432 2321 1463 524
2337 1437 2351 1453 ¹
2359 1440 2370 1468 3

773 1486 806 1517 V.
825 1488 877 1521 77,
896 1493 949 1524 ep.
967 1484 1072 1522 1088.)
1267 1486 1270 1488 ’

813 1535 947 1568 19570.
972 1554 1011 1560 -
1029 1536 1178 1567 Durando
1203 1536 1238 1566 de
1255 1534 1384 1572 Parlan,
1413 1544 1488 1567 can.
1516 1537 1662 1567 monast.
1692 1545 1719 1567 s.
1745 1536 1839 1567 Salvi
1860 1536 2010 1573 Albien.,
2033 1537 2073 1569 Ο.
2103 1536 2136 1568 S.
2151 1537 2207 1575 A„
2223 1537 2266 1569 ad
2284 1537 2375 1578 quod

766 1592 972 1624 transfertur
991 1591 1031 1622 de
1050 1591 1197 1622 monast.
1214 1589 1442 1624 Montissalvi,
1461 1589 1572 1629 ejusd.
1593 1589 1679 1627 ord„
1697 1598 1724 1620 s.
1749 1589 1843 1621 Flori
1867 1590 1927 1627 di.,
1952 1590 2041 1621 conf.
2059 1590 2140 1622 eccl.
2164 1590 2205 1622 de
2234 1590 2373 1628 Camho,

767 1645 902 1677 Albien.
919 1645 978 1682 di.,
998 1645 1159 1676 consueta
1175 1652 1236 1683 per
1251 1651 1342 1674 mon.
1357 1643 1439 1674 dicti
1454 1644 1602 1674 monast.
1619 1651 1647 1674 s.
1666 1643 1757 1674 Salvi
1773 1642 1851 1683 gub.
1864 1644 1898 1675 et
1912 1651 2038 1675 vacans
2046 1652 2108 1683 per
2123 1644 2374 1676 assecutionem

767 1699 946 1731 archidiac.
965 1698 1123 1729 Pardiaci
1138 1698 1173 1728 in
1190 1697 1273 1728 eccl.
1290 1696 1469 1734 Auxitan„
1483 1697 1720 1737 Ermengaudo
1740 1696 1781 1728 de
1797 1696 1933 1728 Posolis
1951 1705 2011 1736 per
2033 1697 2162 1738 Papam
2177 1697 2293 1729 collati
2301 1706 2312 1734 ;
2327 1697 2376 1729 ir-

766 1754 889 1784 ritatur
902 1752 1011 1792 gratia
1029 1760 1124 1791 exsp.
1139 1750 1249 1782 benef.
1269 1759 1297 1781 c.
1317 1759 1344 1781 c.
1364 1750 1419 1781 vel
1435 1759 1463 1781 s.
1479 1758 1507 1781 c.
1525 1750 1650 1790 pertin.
1670 1750 1711 1781 ad
1721 1750 1834 1781 collat.
1852 1758 1955 1790 praep.
1971 1751 2005 1781 et
2021 1759 2117 1782 conv.
2130 1750 2212 1782 dicti
2227 1751 2374 1783 monast.

766 1805 996 1841 Montissalvi,
1014 1814 1073 1845 per
1092 1813 1196 1844 praep.
1214 1804 1308 1835 soliti
1326 1803 1404 1844 gub.
1421 1812 1429 1840 ;
1445 1803 1636 1843 prioratum
1654 1803 1695 1835 de
1713 1803 1874 1840 Cantoen‚
1898 1803 2051 1844 praedicti
2073 1804 2160 1842 ord.,
2180 1804 2372 1837 Ruthenen.

767 1861 825 1897 di.,
845 1869 873 1891 c.
894 1869 922 1891 c.
940 1859 1100 1890 dimittat.
1121 1875 1160 1880 -
1177 1858 1203 1888 Ι.
1221 1867 1250 1889 e.
1268 1866 1314 1888 m.
1332 1858 1492 1889 Vasaten.
1519 1859 1552 1888 et
1581 1858 1733 1889 Castren.
1758 1857 1856 1897 ep.is‚
1883 1866 1920 1888 ac
1942 1857 2148 1898 Berengario
2176 1858 2372 1897 Alamandi,

767 1923 840 1946 can.
858 1913 990 1944 Albien.
1012 1912 1092 1944 eccl.
1115 1912 1166 1949 (A.
1182 1912 1232 1949 20,
1249 1911 1271 1942 f.
1287 1912 1346 1943 563
1364 1916 1392 1947 ὃς
1422 1910 1454 1942 V.
1471 1913 1519 1948 77,
1537 1919 1590 1950 ep.
1607 1910 1711 1950 1090.)

815 1965 950 1998 19571.
968 1984 1006 1989 -
1025 1965 1185 1997 Ber-nardo
1204 1964 1353 2000 Lauzeda,
1371 1973 1442 2005 cap.
1463 1966 1497 1996 et
1511 1964 1620 1996 famil.
1641 1964 1820 1996 Bertrandi
1837 1973 1865 1995 s.
1882 1964 2039 1996 Marcelli
2053 1964 2168 2005 presb.
2186 1965 2278 1997 card.
2295 1973 2374 2005 sup·

767 2022 861 2062 plic.,
883 2021 971 2052 conf.
989 2019 1125 2060 paroch.
1145 2019 1228 2050 eccl.
1251 2019 1292 2050 de
1317 2019 1456 2058 Jayaco,
1481 2017 1648 2068 Seglaten.
1676 2018 1736 2055 di.,
1770 2019 1847 2049 ante
1876 2017 2008 2049 obitum
2033 2018 2192 2059 Hugonis
2210 2019 2260 2050 La
2276 2018 2374 2056 fieta,

768 2075 849 2107 dicti
867 2075 907 2106 de
922 2074 1037 2110 Motis,
1053 2082 1073 2104 a
1087 2074 1181 2112 Papa
1194 2072 1352 2112 disposit.
1372 2080 1442 2103 suae
1457 2073 1630 2103 reservata
1636 2080 1646 2107 3
1663 2071 1799 2111 paroch.
1827 2073 1941 2103 autem
1965 2071 2047 2103 eccl.
2070 2072 2112 2103 de
2138 2071 2373 2113 Lardayrolis‚

768 2129 959 2161 Ruthenen.
975 2128 1035 2165 di.,
1051 2126 1211 2158 dimittat.
1226 2142 1265 2148 —
1278 2125 1306 2157 Ι.
1318 2134 1346 2157 e.
1364 2134 1408 2156 m.
1423 2125 1498 2156 abb.
1513 2126 1660 2156 monast.
1677 2133 1705 2156 s.
1721 2125 1882 2160 Amandi‚
1900 2125 2066 2157 Sarlaten.
2082 2125 2142 2163 di.,
2159 2126 2193 2157 et
2203 2125 2375 2158 Armando

768 2183 809 2214 de
824 2181 998 2218 Narcesio,
1018 2181 1144 2212 decano
1159 2188 1187 2210 s.
1205 2179 1366 2219 Stephani
1378 2179 1419 2210 de
1435 2179 1586 2210 Tescone
1599 2178 1855 2216 Montisalbani,
1871 2187 1910 2209 ac
1921 2178 2114 2210 Raimundo
2130 2179 2280 2217 Benerii,
2297 2187 2375 2211 can.

770 2237 947 2268 Caturcen.
964 2234 1044 2266 eccl.
1062 2233 1115 2273 (A.
1133 2234 1183 2271 20,
1203 2233 1226 2264 f.
1244 2234 1303 2264 526
1318 2236 1348 2269 ·;
1370 2231 1403 2262 V.
1421 2234 1471 2267 77,
1488 2240 1539 2271 ep.
1557 2231 1662 2271 1092.)

816 2286 950 2318 19572.
968 2307 1006 2311 -
1023 2285 1157 2319 Geraldo
1171 2286 1208 2317 de
1223 2285 1406 2326 Pipz'onibus
1423 2285 1533 2325 gratia
1549 2293 1644 2324 exsp.
1661 2285 1767 2325 dign„
1792 2292 1854 2316 seu
1878 2285 2095 2324 personatus,
2119 2284 2173 2316 vel
2187 2284 2375 2324 prioratus,

770 2345 826 2375 aut
839 2342 1044 2379 administr.,
1059 2340 1114 2371 vel
1129 2340 1184 2371 off.
1203 2339 1276 2371 sive
1291 2339 1404 2370 benef.
1423 2347 1451 2370 c.
1469 2347 1496 2369 c.
1513 2338 1567 2370 vel
1581 2347 1608 2369 s.
1627 2347 1670 2375 c.,
1688 2338 1812 2378 pertin.
1830 2337 1872 2369 ad
1891 2337 2005 2369 collat.
2021 2337 2122 2378 capit.
2141 2337 2223 2369 eccl.
2238 2346 2268 2369 s.
2285 2338 2375 2370 Pon-

769 2397 809 2428 tii
826 2395 1085 2428 Thomeriarum
1102 2393 1198 2433 cujus
1213 2393 1332 2424 existit
1349 2401 1439 2424 mon.
1459 2409 1498 2415 —
1513 2392 1539 2423 Ι.
1558 2401 1588 2423 e.
1605 2400 1649 2422 m.
1669 2393 1816 2423 monast.
1842 2400 1869 2422 s.
1892 2391 1998 2422 Salvii
2024 2390 2175 2426 Albien.,
2192 2399 2253 2431 per
2269 2399 2375 2432 praep.

770 2450 863 2482 soliti
881 2449 973 2490 gub..
992 2450 1025 2480 et
1039 2447 1250 2479 Avenionen.
1268 2455 1386 2486 praep.‚
1404 2454 1441 2476 ac
1460 2445 1587 2476 archid.
1615 2445 1656 2476 de
1671 2444 1831 2476 Lautrico
1849 2443 1985 2476 Albien.
2002 2444 2085 2476 eccl.
2103 2443 2156 2485 (Α.
2174 2445 2225 2482 21,
2245 2443 2270 2475 f.
2285 2445 2324 2476 51
2343 2443 2376 2482 ¹³3

774 2503 810 2535 V.
830 2505 879 2538 77,
897 2511 950 2542 ep.
970 2502 1075 2541 1216.)

815 2554 949 2585 19573.
967 2573 1006 2579 -
1019 2555 1124 2595 Praep.
1142 2553 1346 2590 Avenionen.‚
1360 2557 1390 2583 et
1406 2551 1649 2584 Veterismoresii
1659 2561 1695 2582 ac
1712 2550 1837 2582 Ulmesii
1855 2550 1999 2582 Tolosan.
2012 2550 2160 2582 archid.is
2173 2550 2246 2583 eccl.
2259 2551 2374 2582 mand.

769 2612 806 2642 ut
820 2610 942 2641 Pontio
958 2609 998 2640 de
1014 2607 1227 2648 Balaguerio,
1246 2616 1318 2639 can.
1334 2607 1480 2638 monast.
1496 2614 1522 2637 s.
1542 2605 1717 2637 Saturnini
1733 2604 1907 2642 Tolosam,
1930 2604 1971 2636 Ο.
1993 2604 2028 2636 S.
2050 2604 2107 2641 A„
2124 2604 2300 2636 conferant
2317 2604 2373 2636 off.

769 2663 928 2695 cantoriae
944 2662 1052 2702 ejusd.
1068 2663 1215 2692 monast.
1233 2669 1294 2700 per
1311 2660 1561 2691 assecutionem
1577 2658 1749 2698 prioratus
1764 2657 1806 2690 de
1819 2657 2027 2695 sewardum,
2047 2657 2129 2689 dicti
2147 2657 2234 2695 ord„
2250 2657 2374 2690 Riven.

769 2717 828 2754 di.,
852 2717 955 2747 Petro
971 2715 1133 2755 Stephani
1149 2723 1222 2745 can.
1240 2713 1348 2753 eJusd.
1360 2714 1521 2749 monast„
1537 2711 1635 2751 Papae
1651 2719 1738 2751 cap„
1752 2710 1879 2748 collati,
1894 2711 1929 2742 in
1942 2710 2039 2742 brevi
2053 2711 2233 2742 vacaturae.
2250 2710 2304 2751 (A.
2321 2711 2375 2749 20,

769 2770 792 2802 f.
809 2770 869 2802 538
889 2769 918 2805 ¹¹:
944 2767 977 2799 V.
999 2770 1049 2803 77,
1066 2776 1118 2807 ep.
1135 2766 1242 2806 1229.)
1281 2808 1283 2810 η

814 2819 950 2852 19574.
971 2838 1010 2843 -
1025 2820 1071 2851 De
1090 2819 1300 2860 Quadraqinta
1313 2825 1340 2850 ec
1356 2818 1491 2856 Fuxen„
1511 2817 1688 2849 Narbonen.
1705 2822 1734 2847 et
1747 2816 1975 2858 Appamiarum
1996 2815 2054 2854 di.,
2080 2821 2210 2848 monast.
2228 2816 2311 2855 abb„
2339 2826 2376 2848 ac

768 2886 865 2918 praep.
885 2874 958 2906 eccl.
974 2874 1163 2906 Avenionen.
1184 2873 1297 2904 mand.
1318 2873 1355 2903 ut
1370 2871 1545 2903 Amelium
1567 2870 1710 2907 Sicardi,
1727 2869 1809 2902 cler.
1826 2869 1981 2902 Castren.
1995 2870 2055 2909 di.,
2069 2871 2177 2911 recipi
2197 2870 2322 2903 faciant
2337 2870 2374 2902 in

770 2939 842 2963 can.
859 2929 940 2962 eccl.
956 2928 1214 2962 carcassonen..
1231 2926 1270 2958 O.
1289 2926 1323 2957 S.
1339 2926 1380 2958 A.
1396 2925 1448 2964 (A.
1466 2925 1517 2962 20,
1536 2924 1559 2955 f.
1579 2924 1639 2956 580
1655 2929 1686 2962 =;
1707 2923 1741 2955 V.
1761 2925 1812 2961 77,
1831 2932 1884 2964 ep.
1906 2924 2011 2963 1263.)

2072 0 2123 11 ΨΦ·
2133 0 2157 14 ’Ἰ
2170 0 2349 18 νἽ-ωῆηῑντνε,
2400 18 2401 22 ¹
2414 19 2419 22 Ι
2446 13 2450 19 ,
2478 18 2479 21 ¹
