2592 3562
628 351 801 382 JOANNIS
825 351 942 381 PAPAE
965 351 1066 382 XXII.
1090 352 1337 390 <1316-1334).
1360 370 1398 374 -
1421 352 1606 382 LITTERAE
1629 351 1853 383 COMMUNES
2197 355 2256 384 403

261 441 366 468 Datum
396 435 580 469 Avenione.

302 807 340 834 21
356 807 425 841 jun.
444 807 532 834 1325.

322 852 364 885 (XI
378 851 436 879 kal.
449 851 515 887 jul.)

661 540 779 571 darum
796 539 991 579 hujusmodi
1015 539 1157 578 recipiat
1179 539 1268 570 ultra
1284 539 1318 570 id
1343 540 1433 580 quod
1452 540 1485 571 in
1504 541 1598 571 curia
1620 540 1783 571 ordinarii
1803 540 1989 578 consuevit,
2006 541 2037 572 et
2056 541 2101 572 ita
2122 541 2180 572 fiat
2196 549 2257 580 pro

661 593 797 624 salariis
822 593 990 624 dictorum
1012 592 1223 628 officialium,
1251 592 1314 623 sub
1338 602 1435 632 poena
1461 602 1589 624 excom.
1614 594 1813 624 Decernitur
1837 593 1976 633 insuper
1999 594 2089 633 quod
2114 593 2258 633 quilibet

661 655 748 686 mag.
766 645 820 676 vel
837 645 979 676 scolaris
995 645 1190 684 hujusmodi
1207 645 1463 685 privilegiorum
1482 645 1605 676 abusor
1622 646 1729 685 possit
1747 645 1787 676 ab
1804 647 1877 677 ead.
1893 646 2113 678 universitate
2130 647 2257 686 puniri,

660 699 763 730 etiam
780 707 839 738 per
854 698 1101 738 expulsionem.
1121 698 1172 736 (A.
1190 699 1240 736 25,
1258 698 1280 729 f.
1297 700 1358 730 233
1374 704 1402 734 a;
1426 698 1458 729 V.
1474 701 1523 735 79,
1541 708 1592 738 ep.
1611 700 1706 735 2458;
1729 699 1859 730 Denisse
1875 700 1906 730 et
1921 699 2107 736 Chatelain,
2125 699 2255 730 Charm-

661 751 772 782 larium
790 751 1007 782 Universitatis
1023 751 1217 788 Parisiensis,
1232 753 1256 782 t.
1274 751 1317 788 II,
1334 761 1365 782 n.
1382 752 1469 791 841.)

703 802 843 835 22632.
860 821 898 826 -
914 804 998 844 Epo
1016 804 1167 834 Parisien.
1196 804 1308 835 mand.
1328 805 1365 835 ut
1388 805 1563 844 provideat
1587 813 1627 836 ne
1645 805 1806 835 mulieres
1823 805 1944 836 vetulae
1966 807 1998 837 et
2020 805 2187 845 sortilegae
2205 806 2259 837 vel

659 858 813 890 homines
835 858 943 898 ignari
962 859 1069 888 artem
1087 857 1289 888 medicinam
1315 857 1460 888 Parisiis
1483 858 1617 888 ducant.
1641 858 1695 897 (A.
1716 859 1766 895 25,
1791 858 1813 888 f.
1836 859 1894 889 233
1916 857 1946 895 b;
1969 858 2004 889 V.
2022 861 2071 895 79,
2090 867 2142 897 ep.
2162 860 2257 896 24593

659 911 789 943 Denitle
808 912 842 942 et
857 910 1045 947 Chatelain,
1066 919 1118 950 op.
1139 910 1204 946 cit„
1221 919 1253 941 n.
1269 911 1354 948 844.)

380 965 416 993 Ut
429 974 455 993 s.
702 961 842 994 22633.
866 982 904 987 -
931 962 1007 993 Eid.
1029 963 1142 994 mand.
1167 964 1204 994 ut
1226 971 1261 994 se
1281 963 1441 994 informet
1457 964 1489 994 et
1505 963 1629 994 referat
1646 963 1680 993 in
1698 963 1823 1003 quihus
1839 965 2054 995 conservator
2070 965 2259 995 antedictus

659 1017 799 1058 ejusque
818 1016 983 1048 officiales
1004 1015 1186 1047 abutantur
1202 1017 1316 1047 contra
1332 1016 1406 1055 ipsa
1423 1016 1602 1056 privilegia
1622 1018 1654 1047 et
1671 1016 1762 1056 quod
1782 1016 1894 1047 mittat
1911 1017 2043 1056 copiam
2064 1017 2260 1049 eorumdem

660 1070 929 1111 privilegiorum.
947 1069 1000 1109 (A.
1016 1071 1066 1106 25,
1087 1069 1110 1100 f.
1126 1070 1186 1100 233
1202 1069 1231 1105 ¹³;
1258 1069 1290 1100 V.
1307 1070 1357 1106 79,
1372 1077 1424 1108 ep.
1443 1070 1536 1105 24603
1555 1069 1686 1100 Denisse
1705 1070 1737 1100 et
1754 1069 1941 1106 Chatelain,
1960 1074 1993 1100 ut
2008 1080 2045 1107 s.‚
2059 1079 2090 1100 n.
2105 1071 2190 1110 843.)

376 1124 412 1152 L't
432 1132 456 1151 e.
704 1120 839 1152 22634.
857 1140 896 1145 -
913 1122 987 1153 Abb.
1014 1127 1143 1153 monast.
1161 1132 1185 1152 s.
1207 1122 1349 1163 Dionysii
1368 1123 1400 1152 in
1416 1122 1550 1152 Francia
1562 1132 1660 1163 prope
1678 1122 1817 1152 parisius
1836 1123 1946 1154 mand.
1969 1125 2005 1154 ut
2024 1123 2170 1163 praefatae
2187 1124 2259 1154 uni-

658 1176 813 1208 versitati
834 1175 977 1216 justitiae
997 1175 1284 1215 complementum
1300 1175 1459 1206 exhibeat
1477 1177 1594 1207 contra
1611 1176 1740 1206 dictum
1757 1178 2027 1207 conservatorem
2047 1177 2079 1207 et
2098 1177 2171 1216 ejus
2189 1176 2261 1208 offi-

658 1229 774 1268 ciales,
794 1229 824 1260 si
842 1230 958 1260 contra
973 1229 1138 1260 statutum
1155 1229 1363 1260 antedictum
1379 1228 1572 1260 abutantur.
1588 1230 1639 1268 (A.
1656 1230 1708 1266 25,
1728 1229 1749 1258 ἲ.
1770 1230 1830 1260 234
1843 1234 1872 1266 a;
1895 1229 1930 1260 V.
1950 1231 1999 1266 79,
2014 1231 2173 1269 ep.2461;
2195 1230 2257 1262 De-

658 1283 736 1314 nisse
752 1283 784 1314 et
800 1282 988 1319 Chatelain,
1003 1287 1037 1312 ut
1053 1292 1091 1319 s.,
1109 1290 1141 1312 n.
1158 1283 1243 1321 842.)

374 1336 411 1364 Ut
431 1345 455 1364 s.
704 1332 839 1364 22635.
859 1353 899 1358 —
915 1335 1020 1376 Sarpa
1039 1334 1198 1370 Ιῖαίηαῖάὶ,
1218 1335 1311 1374 prior
1329 1335 1443 1366 saecul.
1464 1335 1545 1366 eccl.
1571 1344 1598 1366 s.
1625 1335 1789 1375 Stephani
1812 1335 2013 1373 Florentin.,
2035 1335 2072 1367 fit
2092 1336 2190 1375 Papae
2209 1344 2259 1367 ca-

358 1381 389 1408 Τ·
410 1381 470 1408 ΧΠ·
657 1389 826 1429 pellanuS.
845 1390 897 1428 (A.
915 1390 967 1426 23,
983 1389 1004 1420 f.
1019 1390 1077 1420 567
1095 1388 1129 1426 ¹¹3
1151 1388 1189 1419 V.
1207 1390 1257 1424 79,
1274 1397 1326 1427 ep.
1342 1389 1448 1426 2480.)

377 1443 414 1470 Ut
434 1451 458 1470 s.
704 1439 840 1471 22636.
858 1461 895 1465 -
913 1442 1002 1472 Lucae
1021 1441 1108 1480 Queli
1128 1441 1165 1472 de
1185 1441 1337 1472 Carraria
1352 1442 1464 1473 collat.
1490 1450 1607 1473 canon.
1626 1441 1690 1473 sub
1713 1450 1808 1482 exsp.
1826 1441 1929 1481 praeb.
1956 1443 2035 1474 eccl.
2054 1451 2081 1474 s.
2100 1442 2260 1482 Stephani

337 1487 368 1514 T.
384 1487 418 1522 X:
433 1487 493 1515 XH-
658 1496 699 1526 ad
712 1497 850 1535 pontem
868 1495 1056 1527 Florentin.
1076 1512 1114 1518 —-
1129 1495 1155 1526 I.
1178 1503 1208 1526 e.
1227 1504 1274 1526 m.
1291 1503 1319 1526 S.
1337 1494 1513 1526 Laurentii
1528 1497 1560 1526 et
1576 1495 1609 1525 S.
1629 1495 1672 1526 M.
1695 1503 1799 1535 supra
1815 1497 1947 1535 portam
1967 1496 2154 1527 Florentin.
2173 1496 2259 1536 prio-

298 1654 340 1682 22
352 1655 420 1690 jun.
442 1655 529 1683 1325.

317 1703 348 1735 (x
365 1699 424 1727 kal.
441 1699 509 1735 jul.)

359 1744 390 1771 T.
411 1743 468 1771 XX.

657 1550 752 1580 ratus
769 1548 954 1589 prioribus,
972 1557 1009 1579 ac
1025 1548 1209 1580 Guillelmo
1224 1548 1264 1579 de
1279 1547 1449 1583 Pusterla,
1467 1557 1540 1579 can.
1557 1548 1798 1586 Mediolanen.,
1818 1549 1917 1588 Papae
1933 1549 2118 1589 capellano.
2138 1550 2188 1587 (A.
2207 1551 2259 1586 23,

658 1602 680 1633 f.
695 1603 755 1634 568
771 1607 796 1638 ὃ,
820 1601 854 1633 V.
873 1604 923 1639 79,
945 1610 997 1641 ep.
1015 1602 1122 1641 2481.)

702 1652 836 1685 22637.
856 1671 894 1677 -
909 1654 1068 1685 Ludowico
1084 1654 1152 1686 abb.
1172 1659 1300 1685 monast.
1319 1653 1522 1694 Herffelden.,
1542 1655 1583 1685 ad
1598 1655 1638 1686 R.
1659 1655 1695 1686 E.
1712 1655 1804 1686 nullo
1820 1655 1932 1686 medio
1948 1655 2083 1694 pertin„
2100 1655 2138 1687 O.
2156 1655 2189 1687 S.
2207 1657 2257 1693 B.‚

657 1708 844 1748 Maguntin.
861 1708 921 1746 di„
941 1707 1039 1738 facul.
1057 1707 1243 1747 recipiendi
1260 1707 1506 1739 benedictionis
1522 1716 1645 1738 munus
1659 1717 1678 1738 a
1690 1716 1902 1748 quocumque
1917 1707 2077 1739 maluerit
2093 1708 2258 1740 antistite.

657 1762 710 1802 (A.
726 1763 778 1798 23,
799 1761 821 1792 f.
838 1763 898 1792 203
914 1767 943 1798 ³3
962 1761 999 1792 V.
1018 1763 1068 1798 79,
1085 1769 1137 1800 ep.
1152 1760 1258 1797 1497.)

377 1813 413 1841 Ut
428 1822 451 1840 s.
699 1812 836 1844 22638.
854 1832 890 1837 -—
910 1814 1033 1845 Hectori
1050 1814 1215 1854 provinciae
1233 1813 1441 1844 Romandiolae
1456 1815 1569 1846 mand.
1590 1816 1625 1845 ut
1645 1823 1676 1846 n.
1698 1823 1727 1845 v.
1751 1814 1909 1845 Hubaldo
1928 1814 1967 1845 de
1983 1814 2120 1846 Gheziis
2136 1815 2175 1846 de
2191 1815 2256 1846 Ra-

361 1858 391 1885 ¹1¹.
411 1857 467 1885 XX·
656 1877 776 1905 venna,
801 1868 924 1899 nuncio
947 1868 980 1899 et
998 1866 1238 1898 ambasciatori
1263 1866 1431 1898 nobilium
1458 1867 1649 1907 Pandulphi
1673 1868 1705 1898 et
1725 1867 1919 1898 Ferrantini
1946 1867 1987 1898 de
2012 1867 2201 1899 Malatestis
2221 1876 2259 1899 ac

655 1923 845 1952 communis
861 1920 1063 1956 Ariminen„
1080 1919 1272 1959 potestariae
1289 1920 1439 1951 officium
1456 1920 1638 1951 comitatus
1655 1920 1781 1959 lmolae,
1798 1920 1891 1951 infra·
1907 1920 2031 1951 dictam
2050 1920 2259 1960 provinciam

655 1974 888 2009 consistentis,
906 1973 1045 2013 petenti,
1065 1973 1106 2005 de
1131 1973 1246 2013 aliquo
1262 1973 1318 2004 off.
1340 1973 1430 2012 quod
1445 1981 1506 2012 per
1530 1974 1643 2004 eumd.
1662 1975 1827 2005 rectorem
1849 1973 1946 2005 laicis
1971 1973 2146 2005 consuevit
2172 1981 2258 2005 com·

655 2028 757 2064 mitti,
775 2027 963 2067 provideat.
983 2027 1037 2067 (A.
1055 2027 1107 2064 23,
1126 2026 1149 2057 t'.
1165 2027 1224 2057 125
1240 2031 1271 2063 ¹²3
1296 2025 1327 2056 V.
1343 2028 1394 2063 79,
1411 2035 1463 2066 ep.
1482 2026 1587 2066 1529).

373 2078 409 2106 Ut
429 2088 454 2106 δ·
700 2077 840 2110 22639.
858 2097 897 2102 -
915 2079 1076 2116 Potes-tati,
1090 2079 1262 2120 capitaneo,
1276 2079 1434 2120 prioribus
1451 2080 1576 2116 artium,
1595 2079 1720 2110 consilio
1736 2084 1764 2110 et
1781 2079 1930 2110 communi
1943 2080 2026 2111 civit.
2045 2079 2186 2110 Perusia.
2205 2079 2258 2110 ab·

357 2123 390 2151 T·
409 2123 464 2151 XL·
656 2133 782 2164 solutio
799 2142 818 2164 a
835 2133 1067 2164 satisfactione
1086 2132 1288 2164 damnorum
1305 2141 1365 2172 per
1382 2132 1476 2172 ipsos
1493 2132 1648 2163 ecclesiis
1662 2134 1694 2163 et
1711 2133 1898 2164 ecclesiast.
1917 2133 2072 2172 personis
2086 2132 2259 2164 illatorum

656 2196 675 2218 a
692 2188 844 2226 tempore
862 2194 929 2226 quo
945 2186 1118 2225 Spoletan.
1144 2186 1177 2217 et
1199 2185 1429 2217 Assisinaten.
1451 2185 1628 2217 civitatum
1653 2187 1771 2217 contra
1790 2187 1830 2218 R.
1856 2186 1894 2217 E.
1915 2185 2055 2218 rebellio
2078 2185 2257 2217 inchoavit.

655 2239 709 2280 (A.
729 2241 781 2275 23,
801 2239 823 2271 t'.
843 2240 904 2271 232
922 2238 954 2275 ¹³;
978 2238 1011 2269 V.
1025 2241 1077 2274 79,
1094 2247 1146 2278 ep.
1165 2239 1271 2278 1536.)
1572 2245 1574 2247 ·

376 2290 413 2318 Ut
429 2299 452 2318 8-
700 2289 840 2322 22640.
855 2310 894 2315 -
907 2292 941 2322 S.
959 2291 1134 2322 Salvatoris
1146 2291 1181 2322 de
1194 2292 1399 2330 Monteacum,
1416 2302 1439 2322 s.
1454 2291 1614 2323 Benedicti
1627 2291 1663 2322 de
1676 2292 1851 2323 Pelrasicca
1866 2297 1894 2323 et
1911 2302 1936 2324 s.
1950 2292 2110 2323 Benedicti
2125 2292 2161 2323 de
2175 2292 2259 2323 Mon-

357 2335 390 2362 Τ·
413 2335 469 2362 XX·
658 2345 819 2382 tesubase‘o,
839 2344 981 2375 Per-usin.
1005 2349 1034 2375 et
1056 2345 1257 2376 Assisinaeen.
1281 2344 1336 2383 di„
1361 2350 1491 2375 monast.
1516 2345 1584 2375 abb.
1609 2345 1722 2376 mand.
1744 2347 1780 2376 ut
1803 2346 1931 2385 Papam
1949 2345 2134 2377 informent
2158 2354 2260 2385 super

655 2398 797 2430 licentia
813 2407 872 2438 per
885 2398 1064 2438 praefatum
1083 2406 1262 2429 commune
1282 2398 1387 2437 petita
1409 2399 1624 2438 permutandi
1649 2407 1725 2430 cum
1743 2399 1899 2438 personis
1916 2399 2103 2430 ecclesiast.
2122 2398 2210 2430 bona
2227 2399 2260 2430 et

652 2452 730 2492 jura
746 2460 805 2491 per
821 2451 925 2483 laicos
939 2460 958 2482 a
974 2451 1191 2483 monasteriis
1207 2445 1240 2482 et
1257 2451 1337 2482 eccl.
1356 2451 1391 2482 in
1407 2451 1660 2491 emphyteusim
1679 2451 1828 2483 obtenta.
1851 2452 1905 2493 (A.
1921 2453 1973 2490 23,
1989 2451 2011 2483 f.
2027 2453 2087 2483 233
2101 2457 2127 2488 ³3
2152 2452 2187 2483 V.
2207 2453 2256 2488 79,

657 2513 709 2545 ep.
730 2506 834 2544 1537.)

377 2557 439 2584 Uts
701 2555 837 2587 22641.
857 2575 895 2581 ——
912 2557 1080 2598 Arckiep.o
1097 2557 1267 2588 Messanen.
1290 2557 1401 2588 mand.
1420 2559 1457 2589 ut
1473 2558 1560 2589 auct.
1587 2559 1696 2598 apost.
1721 2558 1897 2590 confirmet
1921 2559 2102 2598 permutat.
2123 2558 2195 2597 J'am
2217 2558 2259 2589 ab

373 2601 405 2628 T.
426 2601 446 2628 ¹¹
656 2611 743 2651 ipso,
761 2612 922 2651 tanquam
937 2611 1003 2642 loci
1019 2611 1293 2650 metropolitano,
1307 2611 1552 2649 confirmatam,
1566 2620 1625 2651 per
1637 2620 1738 2651 quam
1753 2620 1849 2651 epus
1866 2612 1897 2643 et
1913 2611 2012 2650 capit.
2028 2611 2256 2651 cephaluden-

657 2664 868 2695 donaverunt
886 2673 920 2695 n.
938 2673 969 2696 v.
989 2664 1182 2702 Francisco,
1204 2664 1391 2696 Vintimilii
1407 2664 1440 2695 et
1457 2663 1584 2696 Giracii
1602 2664 1728 2701 comiti,
1747 2665 1897 2695 castrum
1915 2665 1947 2695 et
1964 2665 2114 2695 montem
2130 2663 2258 2695 dictum

656 2717 791 2749 Pollina
809 2718 861 2756 (40
880 2725 955 2748 unc.
975 2716 1064 2756 auri)
1082 2717 1124 2748 ad
1140 2716 1220 2748 eccl.
1239 2717 1467 2756 Cephaluden.
1487 2717 1685 2756 spectantia,
1706 2726 1779 2757 quae
1796 2717 1890 2748 curia
1905 2716 2008 2756 regia,
2028 2718 2164 2756 propter
2180 2724 2256 2747 sus-

656 2769 826 2810 picionem
842 2778 1043 2810 guerrarum
1057 2770 1091 2800 in
1105 2770 1219 2801 insula
1235 2770 1360 2801 Siciliae
1376 2769 1639 2807 imminentium,
1658 2770 1699 2801 ad
1712 2778 1833 2800 manus
1849 2777 1930 2800 suas
1944 2769 2114 2808 receperat
2121 2777 2130 2804 ;
2145 2768 2257 2799 dictus

658 2824 771 2855 autem
794 2823 921 2855 nobilis
939 2823 990 2854 vir
1007 2823 1146 2854 donavit
1164 2823 1230 2855 eid.
1257 2823 1337 2854 eccl.
1360 2823 1425 2854 duo
1449 2831 1570 2863 magna
1588 2823 1773 2854 tenimenta
1795 2823 1961 2853 terrarum
1984 2821 2038 2861 (60
2063 2829 2137 2852 unc.
2156 2820 2256 2860 auri),

657 2876 876 2908 Femininum
894 2877 926 2908 et
948 2877 1161 2908 Venerosum
1186 2877 1390 2916 nuncupata,
1414 2876 1449 2906 in
1469 2876 1542 2907 ead.
1569 2875 1682 2907 insula
1705 2873 1933 2907 consistentia.
1961 2874 2012 2911 (Α.
2034 2874 2085 2910 23,
2099 2873 2122 2904 f.
2149 2875 2206 2905 127
2226 2878 2254 2910 ²3

663 2929 700 2961 V.
717 2931 767 2967 79,
786 2938 839 2970 ep.
861 2930 965 2968 1554.)

376 2981 414 3009 Ut
434 2989 459 3010 s.
702 2979 840 3012 22642.
859 2999 897 3005 -
913 2982 1039 3013 Hectori
1053 2986 1082 3012 et
1098 2982 1231 3014 thesaur.
1249 2982 1376 3012 ducatus
1393 2981 1560 3023 Spoleeani
1579 2981 1692 3012 mand.
1710 2982 1746 3011 ut
1762 2979 1938 3011 absolvant
1955 2978 2046 3010 cives
2062 2978 2252 3010 districtua-

349 3025 382 3053 T.
403 3025 480 3054 CCC.

658 3035 722 3072 les,
743 3036 925 3076 complices
940 3036 972 3067 et
988 3035 1138 3068 fautores
1160 3035 1252 3067 civit.
1277 3035 1435 3067 Perusin.
1454 3034 1497 3066 ab
1522 3042 1651 3066 excom.
1673 3032 1840 3064 sententia
1860 3040 1902 3063 ex
1926 3031 2106 3071 praeteritis
2124 3031 2255 3063 actibus

372 3087 518 3115 JOANNJS
537 3087 619 3116 xxn.
639 3103 674 3110 -
693 3088 725 3117 T.
746 3088 779 3117 V.
2077 3083 2112 3112 51
