2592 3562
398 327 457 357 226

427 414 528 441 Datum
550 407 731 440 Avenione.

469 670 506 698 16
519 673 587 705 sept.
604 667 691 696 ¹³24.

467 718 529 749 (xvi
545 714 602 741 kal.
619 713 688 744 oct.)

486 759 515 786 T.
532 758 577 792 XI,
595 757 665 785 XIII.

468 1042 503 1069 17
519 1044 586 1076 sept.
604 1039 691 1068 1324.

476 1086 524 1120 (xv
540 1084 598 1113 kal.
613 1084 682 1117 oct.)

487 1130 518 1159 T.
534 1130 579 1164 XI,
595 1129 666 1157 XlIl.

537 1254 573 1282 Ut
591 1262 614 1283 s.

464 1299 494 1326 T.
516 1299 612 1334 XVIII,
631 1298 686 1326 XX.

534 1573 569 1601 Ut
590 1581 614 1600 s,

419 1619 464 1646 Gr.
484 1626 534 1653 pro
554 1625 629 1652 pers.
650 1617 728 1644 card.

521 1893 567 1922 .Ut
587 1901 610 1919 s.

518 1937 548 1963 T.
570 1937 626 1963 XX.

528 2000 562 2027 Ut
584 2008 607 2027 s.

499 2045 529 2071 T.
549 2044 644 2071 XVIII.

533 2107 569 2134 Ut
590 2115 612 2134 s.

459 2152 489 2178 T.
505 2152 574 2185 xvi,
589 2151 683 2178 xvm.

459 2424 494 2451 19
510 2428 579 2460 sept.
597 2424 685 2452 1324.

459 2469 525 2505 (xm
542 2469 600 2497 kal.
616 2470 684 2503 oct.)

508 2514 538 2541 T.
553 2514 633 2541 XXX.

451 2691 491 2718 20
510 2694 578 2726 sept.
599 2691 687 2719 1324.

462 2735 516 2770 (xii
533 2735 592 2762 kal.
609 2735 679 2771 oct.)

476 2779 506 2808 T.
528 2779 574 2811 XI,
595 2779 666 2807 xm.

794 318 967 350 soANNis
990 317 1108 349 PAPAE
1130 317 1230 348 xxii.
1254 318 1505 358 (mm-1³³4).
1528 333 1567 339 -
1589 315 1776 347 LITTERAE
1798 313 2024 346 communes

823 508 959 545 existat,
975 507 1009 538 in
1028 506 1121 538 civit.
1136 505 1190 537 vel
1206 505 1252 537 di.
1266 505 1471 543 Ruthenen.,
1481 506 1522 537 ad
1538 505 1648 537 collat.
1665 506 1733 545 ep.i
1749 505 1940 538 Ruthenen.
1956 505 2008 538 vel
2023 513 2334 547 quorumcumque;
2349 514 2423 548 quoe

823 560 959 601 quidem
978 558 1085 599 gratia
1103 558 1214 598 quoad
1227 558 1337 591 benef.
1357 568 1386 590 c.
1403 567 1431 590 0.
1444 558 1497 589 vel
1513 558 1721 598 archipresb.
1739 558 1905 590 irritatur.
1921 575 1962 582 —
1974 558 2002 590 1.
2020 566 2049 591 0.
2065 567 2111 590 m.
2125 566 2202 600 ep.o
2217 559 2420 599 Rumonem,

823 615 855 646 et
872 612 1033 645 Amiliani
1052 620 1090 643 ac
1110 620 1138 642 s.
1155 611 1319 643 Antonini
1337 612 1372 643 in
1385 612 1466 643 eccl.
1483 611 1672 643 Ruthenen.
1687 610 1860 643 archidJS.
1879 611 1930 650 (Α.
1942 612 1995 650 22,
2013 611 2037 643 f.
2054 613 2114 644 102
2126 617 2156 649 ·;
2174 611 2207 643 V.
2225 613 2278 651 78,
2292 621 2344 653 ep.
2358 614 2423 652 19.)

869 664 1004 696 20677.
1023 683 1062 688 -
1079 664 1239 696 Guillelmo
1255 665 1342 695 Petri
1357 664 1519 706 Payares¹
1539 673 1633 704 prov.
1657 672 1776 696 canon.
1794 664 1875 696 eccl.
1894 664 2066 705 Urgellen.
2095 664 2159 697 sub
2182 673 2278 706 exsp.
2296 665 2422 706 proeb.;

824 729 890 752 non
907 719 993 751 obst.
1014 719 1102 759 quod
1120 718 1248 749 dudum
1264 717 1299 749 in
1320 717 1466 749 Ilerden.
1499 717 1563 749 sub
1584 725 1682 757 exsp.
1708 717 1810 757 praeb.
1840 719 1874 750 et
1898 718 2132 758 praepositurae
2155 719 2244 751 auct.
2261 719 2370 759 apost.
2386 719 2424 751 in

824 782 896 805 can.
917 774 1082 812 receptus,
1099 771 1280 811 quamdam
1307 771 1566 810 praeposituram
1589 770 1790 811 acceptavit,
1811 779 1914 812 super
1936 779 2004 812 qua
2015 773 2131 804 tamen
2149 771 2274 813 litigat,
2293 779 2423 805 necnon

823 827 857 858 in
875 827 915 857 de
932 825 1068 857 Albalat
1085 825 1170 856 etde
1186 824 1417 859 Fontelezina,
1434 824 1476 855 de
1491 823 1590 864 Alget
1605 825 1638 856 et
1653 824 1694 856 de
1712 823 1846 862 Adello,
1865 823 2019 857 Toletan.
2031 824 2092 863 di„
2107 824 2187 857 eccl.
2201 825 2355 866 quaedam
2366 824 2422 858 be-

823 880 889 911 nef.
909 877 1200 919 praestinionialia,
1219 885 1365 917 quorum
1381 877 1487 908 annui
1505 877 1660 909 redditus
1670 885 1838 910 summam
1854 877 1930 910 301.
1946 879 1970 909 t.
1987 877 2047 910 vix
2062 878 2244 919 attingunt,
2260 877 2421 911 obtineat.

823 950 860 955 —
874 933 899 964 Ι.
917 941 945 964 e.
966 941 1011 962 m.
1028 931 1135 971 priori
1153 939 1179 962 s,
1197 932 1315 968 Annae,
1333 932 1366 962 et
1387 930 1551 968 sacristae,
1569 938 1607 962 ac
1632 930 1783 963 Arnaldo
1809 931 1850 963 de
1873 930 2027 969 cumbis,
2045 939 2119 963 can.
2135 931 2215 964 0001.
2241 931 2421 965 Bai-chilio-

823 995 898 1018 nen.
919 985 969 1024 (A.
986 986 1036 1022 22,
1053 984 1076 1015 f.
1097 985 1156 1015 223
1174 988 1204 1021 ·;
1226 983 1258 1014 V.
1278 984 1329 1021 78,
1345 991 1398 1023 ep.
1414 984 1499 1022 407.)

868 1036 1002 1068 20678.
1023 1056 1061 1060 -
1078 1037 1202 1068 Madoco
1220 1040 1291 1067 nato
1313 1036 1430 1068 Meuric
1459 1045 1554 1076 prov.
1585 1045 1703 1069 canon.
1732 1037 1815 1069 eccl.
1836 1038 2013 1070 Meneven.
2038 1038 2104 1070 sub
2121 1046 2199 1079 exp.
2216 1037 2338 1078 praeb.;
2355 1045 2424 1071 non

823 1093 910 1124 obst.
926 1092 959 1123 in
979 1100 1007 1123 s.
1023 1090 1114 1128 Kibi,
1133 1091 1322 1131 Bangoren.
1340 1089 1540 1126 di.,‡canon.
1557 1091 1591 1122 et
1610 1090 1727 1130 presb..
1751 1091 1784 1123 et
1801 1091 1838 1122 in
1852 1091 2040 1132 Bangoren.
2065 1091 2146 1124 0001.
2173 1091 2368 1130 archidiac..
2383 1092 2424 1124 8³

822 1146 882 1178 lib.
905 1145 1057 1184 sterling.
1072 1146 1103 1176 et
1119 1143 1269 1175 dimidiae
1278 1151 1346 1175 non
1363 1142 1615 1175 excedentibus.
1634 1161 1672 1166 —
1686 1144 1714 1175 1.
1731 1152 1761 1176 0.
1778 1153 1825 1176 m.
1840 1144 1967 1176 decano
1982 1144 2228 1185 Engolismen.,
2244 1145 2278 1177 et
2293 1143 2420 1177 archid.

822 1200 1024 1239 Bangoren,
1039 1206 1077 1229 ac
1097 1197 1241 1229 Griffino
1256 1197 1298 1229 de
1315 1196 1495 1235 Trefuaur,
1515 1205 1588 1229 can.
1604 1197 1773 1229 Assanen.
1791 1197 1872 1230 eccl.
1890 1198 1942 1237 (Α.
1959 1199 2011 1236 22,
2026 1198 2049 1230 f.
2063 1199 2104 1231 64
2118 1203 2147 1235 ·;
2164 1197 2201 1230 V.
2221 1199 2273 1236 78,
2287 1205 2341 1239 ep.
2357 1196 2424 1238 88.)

866 1250 1000 1282 20679.
1020 1270 1060 1275 -
1077 1252 1159 1292 Maq.
1178 1250 1336 1292 Stephano
1352 1250 1523 1291 Huqoneei,
1544 1251 1644 1291 Papae
1661 1259 1747 1291 cap„
1764 1250 1902 1283 collatio
1917 1259 2049 1288 canon„
2065 1250 2169 1291 praeb.
2189 1252 2223 1283 et
2241 1250 2422 1283 archidiac.
2479 1261 2482 1263 *

822 1307 900 1338 eccl.
917 1306 1087 1343 Parmen.‚
1105 1314 1176 1336 vac.
1193 1313 1255 1345 per
1271 1303 1402 1336 obitum
1417 1304 1560 1337 Joannis
1585 1303 1737 1341 Blanchi,
1751 1303 1786 1337 S.
1802 1305 1844 1336 A.
1861 1312 1934 1344 cap.
1949 1313 1959 1342 3
1984 1312 2053 1336 non
2078 1303 2166 1336 obst.
2183 1303 2321 1344 paroch.
2339 1303 2420 1336 eccl.

821 1361 861 1392 de
879 1359 1121 1399 Chaldeyraco,
1136 1358 1312 1390 Mimaten.
1329 1357 1376 1389 di.
1389 1366 1399 1395 ;
1415 1357 1572 1398 sequitur
1586 1357 1740 1398 dispens.
1761 1365 1864 1398 super
1878 1357 2004 1398 plural.
2021 1357 2133 1390 benef.
2152 1375 2191 1380 —
2205 1357 2232 1389 1.
2250 1365 2281 1390 0.
2297 1365 2343 1390 m.
2356 1357 2422 1390 At-

820 1413 943 1445 mando
960 1412 1000 1443 de
1017 1411 1191 1448 Narcesio,
1210 1411 1336 1443 decano
1352 1411 1433 1443 0001.
1448 1419 1475 1442 s.
1492 1410 1654 1451 Stephani
1667 1410 1708 1443 de
1723 1411 1886 1447 Tescone,
1902 1410 2157 1448 MontisaIban..
2170 1410 2271 1451 Papoe
2286 1418 2373 1451 cap„
2389 1411 2424 1444 et

820 1466 946 1498 archid.
963 1465 1125 1497 Bilhiomi
1135 1464 1401 1502 claromonten„
1412 1472 1450 1496 ac
1457 1463 1623 1496 Gasberto
1631 1465 1765 1501 Barate‚
1781 1472 1854 1496 can.
1864 1464 2034 1496 vicentin.
2051 1463 2132 1496 eccl.
2147 1462 2201 1503 (A.
2214 1465 2266 1504 22,
2282 1463 2305 1495 f.
2321 1465 2380 1497 115
2392 1468 2423 1501 ⁸3

827 1519 858 1550 V.
877 1521 926 1556 78,
943 1527 995 1558 ep.
1013 1518 1078 1558 82.)
1806 1540 1815 1552 .

863 1573 874 1584 ·
900 1569 1034 1600 20680.
1054 1589 1092 1593 -
1111 1570 1265 1602 camarda
1287 1581 1311 1601 s.
1331 1571 1431 1602 Luciae
1456 1571 1489 1602 in
1512 1570 1608 1602 silice
1626 1571 1705 1601 diac.
1731 1570 1830 1608 card„
1857 1571 1984 1603 decano
2009 1558 2094 1602 ecci.
2113 1570 2156 1603 <10
2173 1579 2200 1602 s.
2225 1570 2424 1610 AEminano,

819 1625 857 1657 O.
875 1625 908 1657 S.
924 1627 979 1660 A.‚
997 1624 1220 1664 Burdegalen.
1234 1624 1294 1660 di.,
1310 1625 1352 1655 ad
1367 1626 1494 1656 statum
1503 1624 1702 1656 saecularem
1719 1633 1780 1664 per
1789 1624 2001 1656 Clementem
2011 1623 2049 1655 P.
2064 1624 2103 1656 P.
2120 1634 2140 1655 v
2154 1623 2310 1663 redactae,
2327 1632 2422 1657 conc.

818 1681 854 1710 ut
872 1679 1047 1710 residuum
1061 1677 1315 1710 distributionis
1330 1678 1525 1709 reddituum
1541 1679 1632 1709 certo
1657 1677 1757 1709 modo
1773 1677 1935 1709 faciendae
1959 1677 2071 1710 eidem
2095 1677 2234 1715 decano,
2252 1676 2334 1709 dum
2347 1677 2424 1710 duae

793 1760 796 1763 A
817 1732 951 1773 paroch.
968 1732 1048 1763 eccl.
1064 1732 1242 1763 decanatui
1263 1732 1367 1763 unitae
1386 1731 1557 1769 vacarent,
1585 1731 1809 1772 assignatum,
1839 1739 1916 1762 cum
1945 1730 2239 1762 administratione
2254 1730 2424 1763 dictorum

817 1786 1010 1818 reddituum
1026 1787 1139 1817 teneat
1155 1785 1243 1816 sicut
1259 1786 1460 1816 consuetum
1475 1786 1547 1816 erat
1562 1786 1640 1816 ante
1657 1784 1870 1816 vacationem
1884 1783 2036 1816 earumd.
2056 1783 2288 1816 ecclesiarum.
2305 1783 2359 1823 (A.
2369 1785 2421 1823 22,

816 1839 839 1870 f.
856 1840 914 1870 227
933 1844 965 1875 ³3
990 1838 1022 1869 V.
1035 1840 1085 1874 78,
1102 1847 1155 1878 ep.
1172 1839 1257 1876 344.)

861 1889 996 1921 20681.
1020 1909 1058 1914 -
1076 1891 1218 1923 Com-ado
1233 1890 1272 1921 el.
1293 1890 1465 1931 Frisinqen.
1482 1892 1683 1931 prorogatur
1698 1899 1806 1931 usque
1821 1890 1864 1922 ad
1879 1890 2005 1922 festum
2023 1891 2054 1922 b.
2071 1889 2249 1922 Michaelis
2264 1890 2422 1930 proxime

816 1947 998 1977 venturum
1013 1947 1149 1984 tempus
1167 1944 1354 1984 recipiendi
1369 1944 1671 1976 consecrationem.
1686 1944 1737 1982 (A.
1753 1945 1804 1982 23,
1817 1944 1840 1975 f.
1858 1945 1918 1976 205
1928 1943 1942 1965 ¹³
1951 1953 1961 1980 3
1982 1943 2018 1975 V.
2037 1945 2087 1981 79,
2101 1952 2154 1984 ep.
2169 1945 2260 1976 1581.

862 1996 996 2028 20682.
1017 2017 1053 2021 -
1069 1998 1181 2029 Eidem
1199 1998 1342 2029 facultas
1357 1997 1544 2037 recipiendi
1563 1997 1828 2029 consecrationis
1846 2006 1972 2029 munus
1988 2005 2008 2029 a
2031 2005 2246 2038 quocumque
2262 1996 2423 2030 maluerit

816 2053 981 2084 antistite.
997 2052 1050 2090 (A.
1070 2053 1120 2089 22,
1135 2051 1159 2082 f.
1177 2052 1236 2083 205
1251 2050 1281 2088 ¹³;
1303 2051 1338 2082 V.
1355 2053 1406 2087 79,
1423 2059 1475 2089 ep.
1496 2052 1601 2090 1582.)
2443 2056 2448 2059 ’

862 2103 996 2134 20683.
1013 2123 1052 2128 -
1071 2105 1146 2136 Adae
1163 2103 1199 2135 de
1217 2104 1377 2135 Donnom’o
1394 2104 1506 2136 collat.
1525 2113 1644 2136 canon.
1662 2103 1726 2135 sub
1743 2112 1840 2144 exsp.
1858 2103 1961 2144 praeb.
1979 2103 2060 2136 0001.
2079 2111 2107 2135 s.
2122 2103 2218 2135 Petri
2235 2103 2277 2136 de
2291 2102 2421 2142 Insula,

815 2160 1000 2191 Tornacen.
1019 2159 1078 2195 di.,
1098 2167 1175 2189 cum
1191 2158 1381 2190 cassatione
1400 2157 1527 2189 similis
1549 2158 1666 2198 gratiae
1688 2166 1748 2197 per
1766 2157 1881 2197 ipsum
1897 2156 2100 2197 subreptitie
2117 2156 2274 2195 obtentae.
2289 2165 2368 2189 cum
2385 2157 2422 2189 in

815 2212 890 2252 ipsa
904 2213 1073 2243 diceretur
1090 2212 1179 2251 quod
1195 2212 1230 2242 in
1245 2210 1441 2243 Atrebaten.
1462 2213 1534 2242 ets.
1550 2210 1664 2242 Amati
1681 2211 1831 2243 Duacen.
1847 2210 1928 2243 eccl.
1944 2219 2063 2243 canon.
2077 2211 2111 2242 et
2124 2209 2241 2251 presb„
2257 2218 2296 2242 ac
2307 2209 2420 2251 capel·
2478 2227 2489 2235 ·

815 2265 882 2297 lam
899 2266 940 2296 de
958 2265 1150 2300 Donnonio,
1174 2263 1370 2296 Atrebaten.
1394 2264 1455 2302 di„
1471 2264 1650 2302 obtineret,
1680 2264 1769 2296 etde
1794 2264 2010 2296 thesauraria
2039 2264 2137 2296 dictae
2155 2263 2236 2295 eccl.
2256 2271 2284 2295 s.
2305 2263 2422 2296 Amati

815 2319 910 2350 nulla
925 2319 1051 2350 mentio
1066 2317 1182 2349 habita
1200 2317 1334 2349 fuisset.
1352 2335 1390 2340 -
1405 2317 1432 2348 I.
1460 2325 1488 2349 e.
1512 2326 1556 2348 m.
1583 2318 1709 2349 decano
1728 2326 1754 2349 s.
1783 2317 1878 2349 Petri
1902 2317 2066 2354 Duacen„
2094 2316 2291 2349 Atrebaten.
2309 2316 2369 2355 di.,
2386 2316 2420 2349 et

814 2380 916 2411 praep.
935 2371 1142 2409 Atrebaten„
1160 2380 1197 2402 ac
1213 2371 1352 2402 scolast.
1372 2371 1588 2403 cameracen.
1605 2371 1685 2402 eccl.
1700 2371 1757 2411 (A.
1773 2372 1824 2409 23,
1841 2371 1864 2402 f.
1882 2372 1941 2403 291
1954 2370 1968 2392 ¹²
1977 2379 1987 2407 ;
2010 2369 2043 2402 V.
2061 2371 2111 2407 79,
2125 2378 2178 2410 ep.
2195 2369 2302 2411 1874.)

860 2421 995 2454 20684.
1012 2442 1050 2447 ——
1063 2424 1155 2455 Petro
1171 2424 1313 2461 loannis,
1332 2433 1405 2456 can.
1428 2423 1644 2461 Bracharen„
1677 2424 1829 2464 dispens.
1860 2432 1963 2464 super
1990 2423 2122 2455 defectu
2137 2423 2303 2456 natalium
2318 2430 2420 2464 quem

813 2478 954 2517 patitur,
971 2486 1048 2508 cum
1064 2478 1109 2508 sit
1126 2478 1167 2509 de
1184 2477 1270 2508 diac.
1292 2479 1325 2509 et
1343 2477 1455 2508 soluta
1471 2477 1618 2517 genitus,
1634 2478 1671 2508 ut
1686 2478 1808 2516 praeter
1820 2476 1946 2514 benef„
1963 2485 2037 2517 quae
2050 2484 2092 2508 ex
2106 2474 2420 2516 dispensationibus

814 2539 874 2570 per
891 2531 1099 2562 Clementem
1116 2531 1154 2562 P.
1177 2531 1216 2561 P.
1235 2540 1256 2561 v
1271 2530 1338 2570 ipsi
1365 2530 1537 2562 concessis
1568 2529 1709 2566 obtinet,
1739 2530 1783 2561 ad
1809 2530 2005 2571 dignitates,
2032 2531 2156 2570 praeter
2176 2529 2418 2570 episcopalem,

815 2584 945 2615 assumi
960 2584 1070 2616 valeat
1080 2593 1089 2620 ς
1105 2583 1249 2623 supplic.
1267 2583 1444 2623 Alphonso
1461 2583 1668 2624 Portugaliae
1684 2585 1717 2615 et
1733 2583 1890 2624 Algarbii
1906 2591 1996 2623 rege.
2017 2583 2069 2622 (Α.
2082 2584 2134 2620 23,
2152 2583 2175 2614 f.
2191 2583 2252 2613 122
2263 2587 2293 2620 ·;
2314 2581 2352 2614 V.
2368 2583 2420 2619 79.

814 2645 867 2676 ep.
885 2636 990 2676 1515.)

857 2686 994 2719 20685.
1012 2708 1049 2712 —
1066 2689 1208 2721 Arnaldo
1225 2689 1401 2721 Aramundi
1416 2689 1452 2721 de
1471 2690 1692 2731 Asperomonte
1708 2689 1844 2721 collatio
1866 2690 2038 2729 prioratus
2057 2688 2171 2721 saecul.
2190 2689 2270 2721 eccl.
2283 2689 2323 2721 de
2337 2688 2419 2722 Gar-

813 2743 870 2774 dia
891 2743 1069 2780 Jaudonis,
1087 2744 1260 2784 Agennen.
1278 2743 1338 2779 di.,
1359 2752 1387 2775 s.
1405 2752 1447 2781 c.,
1463 2752 1524 2783 per
1538 2743 1668 2775 obitum
1689 2742 1832 2774 alterius
1848 2742 1992 2774 Arnaldi
2008 2742 2197 2774 Aramundi
2214 2742 2255 2774 de
2270 2742 2418 2782 Aspero-

814 2797 928 2827 monte
944 2796 1034 2836 apud
1048 2796 1081 2828 S.
1100 2797 1140 2828 A.
1158 2796 1308 2828 defuncti
1325 2805 1398 2828 vac.
1414 2814 1452 2820 -—
1468 2797 1495 2828 Ι.
1511 2805 1540 2828 e.
1555 2805 1600 2828 m.
1617 2795 1693 2827 abb.
1711 2797 1856 2827 monast.
1877 2796 2023 2834 Fuxen„
2043 2795 2290 2836 Appamiarum
2307 2795 2367 2832 di.,
2385 2795 2420 2828 et

814 2857 917 2888 praep.
939 2849 1088 2886 Albien.‚
1105 2858 1142 2880 ac
1159 2849 1284 2881 decano
1301 2850 1532 2890 Engolismen.
1549 2850 1629 2881 eccl.
1645 2849 1699 2888 (A.
1716 2850 1767 2886 22,
1782 2848 1806 2880 f.
1825 2849 1881 2880 101
1898 2854 1928 2887 ·;
1951 2848 1985 2880 V.
2004 2850 2054 2886 78,
2071 2857 2124 2889 ep.
2141 2850 2205 2888 14.)

846 2973 870 2997 I.
891 2971 1005 2998 Similes
1018 2971 1122 2997 litterae
1138 2971 1326 2997 inveniuntur
1341 2973 1371 2997 in
1384 2973 1416 2999 A.
1432 2973 1472 3001 22,
1486 2972 1505 2998 f.
1521 2973 1564 2997 189
1575 2975 1586 2993 b
1602 2974 1629 2997 et
1648 2971 1676 2998 V.
1690 2972 1731 3000 78,
1742 2978 1785 3003 ep.
1798 2972 1844 2997 ¹81
1861 2972 1895 3001 Α,
1906 2971 1955 2997 sed
1970 2971 2002 2997 in
2016 2971 2147 3004 margine
2161 2971 2310 2998 amborum
2324 2978 2420 3004 reges-

815 3017 924 3041 trorum
939 3015 1046 3048 legitur
1061 3025 1071 3039 ‹
1090 3016 1243 3042 Cancellata
1253 3017 1307 3048 fuit
1319 3017 1351 3042 de
1367 3017 1493 3042 mandato
1506 3016 1567 3042 dari
1580 3016 1800 3042 vicecancellarii.
1820 3025 1830 3039 ι
