2592 3562
403 307 461 336 236

438 391 540 418 Datum
556 382 736 418 Avenione.

436 491 453 518 7
467 490 559 525 (non.)
575 491 627 515 oct.
648 485 735 515 1324.
798 502 800 506 ι

496 534 525 561 τ.
543 533 588 567 Χι,
609 532 679 559 xm.

417 704 436 733 8
452 705 516 738 (vin
533 702 584 736 id.)
600 705 652 729 oce.
672 700 759 729 1324.

521 747 551 774 T.
572 746 651 774 XXX.

549 862 584 890 Ut
603 870 626 890 s.

515 907 546 934 T.
566 905 661 933 XXVI.

549 1074 585 1101 Ut
605 1082 628 1101 s.

530 1119 560 1145 T.
580 1118 649 1145 XVI.

555 1286 588 1313 Ut
607 1294 630 1313 s.

501 1331 530 1358 T.
546 1330 591 1365 XI,
608 1330 679 1359 XIII.

555 1497 588 1525 Ut
608 1507 631 1525 s.

520 1543 549 1570 T.
572 1542 662 1570 XXVI.

554 1710 590 1737 Ut
606 1718 630 1737 s.

541 1754 571 1781 T.
589 1754 644 1781 XL.

429 1870 447 1898 9
461 1869 516 1906 (vn
532 1870 583 1902 id.)
600 1874 652 1898 oct.
673 1870 760 1898 1324.

501 1915 531 1942 T.
553 1915 598 1949 XI,
614 1915 685 1942 XIII.

554 2082 590 2110 Ut
610 2091 634 2110 s,

509 2126 539 2153 T.
557 2127 602 2160 XI,
617 2127 687 2154 XIII.

558 2347 593 2374 Ut
610 2356 634 2374 s.

505 2391 535 2418 T.
549 2391 594 2426 XI,
611 2392 682 2419 XIII.

555 2507 591 2534 Ut
609 2515 633 2535 s.

498 2551 529 2578 T.
549 2551 595 2585 XI,
615 2552 687 2579 XIII.

557 2773 592 2801 Ut
606 2781 631 2801 s.

503 2817 534 2844 T.
551 2817 596 2851 XI,
617 2818 688 2846 XIII.

794 297 966 329 JOANNIS
990 295 1107 327 PAPAE
1129 296 1231 327 XXII.
1255 295 1502 335 (1316-1834).
1525 311 1564 317 —
1587 293 1772 324 LITTERAE
1794 292 2020 324 COMMUNES

873 484 1008 515 20789.
1030 503 1069 508 -
1086 484 1217 516 Ger-aldo
1230 484 1266 515 de
1282 483 1459 524 Anqularia
1475 492 1569 523 prov.
1588 491 1705 514 canon.
1723 483 1803 514 eccl.
1818 482 1962 514 Ilerden.
1983 482 2046 514 sub
2059 491 2155 524 exsp.
2174 482 2277 524 praeb.
2297 484 2331 515 et
2345 491 2426 524 prae·

829 540 988 580 positurae
1005 538 1076 570 sive
1091 539 1262 569 mensatae.
1277 555 1314 560 —
1330 538 1356 568 1.
1375 546 1404 569 e.
1423 546 1468 568 m.
1486 535 1562 567 abb.
1578 537 1723 567 monast.
1740 536 2064 576 Montisaragonum,
2080 538 2113 568 et
2123 536 2230 576 priori
2243 536 2284 568 de
2299 535 2425 575 Bocha„

829 594 950 625 Oscen.
968 594 1000 622 et
1019 591 1162 622 Ilerden.
1187 591 1246 628 di.,
1264 600 1301 622 ac
1315 589 1519 630 Berengario
1535 589 1576 621 de
1592 589 1780 627 Villarone,
1797 598 1871 621 can.
1887 589 2060 630 Urgellen.
2073 589 2155 621 eccl.
2172 589 2227 630 (A.
2240 590 2293 627 22,
2307 589 2330 621 s.
2341 591 2400 622 221
2414 594 2428 612 ⁸

829 648 861 677 et
879 647 933 676 221
952 645 982 681 ¹¹3
1007 644 1037 675 V.
1055 646 1106 681 78,
1123 653 1174 683 ep.
1191 643 1276 681 386.)

876 695 1010 727 20790.
1031 715 1068 719 -
1092 697 1283 728 Revocatur
1308 696 1480 727 decretum
1500 695 1694 735 appositum
1714 695 1747 726 in
1762 695 1889 727 litteris
1911 695 2103 727 collationis
2118 704 2236 728 canon.
2253 695 2317 727 sub
2330 704 2426 736 exsp.

831 751 934 792 praeb.
952 750 1031 781 eccl.
1050 749 1247 781 Atrebaten.
1262 758 1322 788 per
1341 749 1408 779 ΡΡ.
1426 749 1521 780 faetae
1539 747 1653 779 favore
1670 748 1761 778 Petri
1770 748 1808 779 de
1823 748 1917 789 Aqu‘a,
1936 757 1997 788 per
2013 749 2103 789 quod
2119 748 2429 781 archidiaconatum

832 805 871 836 de
888 805 1085 843 Busanceyo
1105 803 1139 833 in
1160 803 1240 833 cccl.
1259 803 1444 833 Bituricen.
1468 801 1640 832 dimittere
1659 801 1848 833 tenebatur.
1867 802 1920 841 (A.
1937 803 1989 839 22,
2005 802 2028 833 f.
2047 803 2105 834 117
2120 807 2149 840 ¹3
2175 801 2208 832 V.
2228 802 2279 840 78,
2295 810 2349 842 ep.
2361 801 2428 841 93.)

877 855 1011 886 20791.
1030 874 1067 879 -
1088 855 1219 887 Geraldo
1236 855 1406 891 Ademarii,
1427 859 1454 885 et
1479 854 1624 896 Astorqio
1640 855 1670 885 la
1697 854 1768 891 Tor,
1787 865 1822 886 ac
1841 854 2001 886 Ber-nardo
2024 854 2204 893 Dorcamba,
2229 864 2297 886 can.
2314 855 2428 887 Buche-

833 921 902 942 nen.
921 910 1007 947 eccl„
1026 910 1138 940 mand.
1163 910 1198 940 ut
1221 910 1378 940 revocent
1396 908 1620 940 alienationes
1636 908 1804 940 bonorum
1821 910 1854 940 et
1866 909 1996 949 jurium
2014 910 2162 941 monast.
2181 909 2222 941 de
2234 909 2427 949 Mansogar·

834 964 932 1001 nerii,
959 965 996 996 Ο.
1015 964 1047 994 S.
1066 964 1116 998 Β..
1136 962 1295 994 Tolosan.
1320 962 1381 998 di.,
1404 961 1510 993 factas
1535 970 1595 1002 per
1617 961 1886 1002 praedecessores
1910 962 2086 1001 Aimerici,
2108 962 2262 1003 ejusdem
2283 963 2428 994 monast.

834 1017 921 1052 abb„
939 1016 1174 1056 supplicantis.
1191 1015 1242 1054 (A.
1261 1016 1312 1052 22,
1329 1015 1352 1045 f.
1370 1015 1428 1046 189
1445 1020 1473 1052 ²5
1499 1014 1535 1046 V.
1553 1015 1603 1052 78,
1622 1023 1674 1055 ep.
1695 1015 1780 1055 173.)

879 1067 1011 1098 20792.
1031 1086 1066 1091 -
1082 1068 1169 1109 Ep.o
1194 1068 1403 1099 Constantien.
1423 1067 1536 1099 mand.
1555 1069 1593 1099 ut
1609 1068 1775 1100 Joannem
1793 1069 1833 1100 de
1851 1068 2039 1108 Roschach,
2055 1068 2250 1110 acolythum
2265 1068 2430 1101 constan-

832 1124 914 1155 tien.
932 1123 992 1159 di.,
1009 1122 1184 1162 dispenset
1206 1130 1308 1161 super
1326 1121 1458 1152 defectu
1483 1121 1649 1152 natalium
1665 1130 1766 1162 quem
1789 1122 1929 1162 patitur,
1947 1131 2024 1154 cum
2049 1122 2095 1154 sit
2110 1122 2152 1154 de
2167 1121 2280 1154 soluto
2294 1121 2430 1162 genitus

833 1178 865 1208 et
895 1175 1082 1216 conjugata,
1107 1175 1148 1206 ad
1175 1175 1370 1214 superiores
1390 1174 1527 1206 ordines
1550 1176 1583 1206 et
1610 1174 1813 1207 beneficium
1831 1176 1934 1207 etiam
1961 1185 1989 1207 c.
2005 1184 2034 1208 c.
2061 1175 2294 1208 obtinendum.
2307 1174 2363 1216 (A.
2378 1175 2430 1211 22,

835 1230 857 1261 f.
877 1231 934 1261 129
949 1235 977 1265 ³;
1000 1229 1035 1260 V.
1057 1229 1106 1267 78,
1127 1237 1179 1268 ep.
1194 1227 1281 1268 189.)

879 1279 1014 1311 20793.
1031 1299 1069 1304 —
1087 1282 1180 1312 Petro
1204 1280 1357 1322 quondam
1380 1280 1477 1312 Probi
1492 1280 1529 1312 de
1561 1281 1701 1312 Wezilcon
1723 1281 1861 1314 collatio
1881 1290 2000 1314 canon.
2027 1281 2091 1314 sub
2109 1290 2206 1322 exsp.
2222 1281 2326 1322 praeb.
2349 1281 2430 1314 eccl.

835 1345 863 1368 s.
877 1345 903 1367 s.
920 1335 1045 1367 Felicis
1059 1336 1092 1366 et
1108 1335 1247 1375 Regulae
1261 1335 1455 1373 Thuricen.,
1471 1334 1703 1367 constantien.
1723 1335 1770 1367 di.
1789 1353 1829 1358 -
1841 1336 1867 1366 I.
1887 1343 1916 1367 e.
1934 1344 1979 1367 m.
1996 1335 2122 1367 decano
2138 1335 2385 1376 Engolismen.‚
2400 1335 2434 1367 et

835 1389 974 1421 Alberto
991 1389 1031 1420 de
1047 1388 1208 1426 Castello,
1228 1397 1265 1419 ac
1281 1387 1428 1419 Henrico
1445 1388 1485 1420 de
1503 1388 1694 1429 Steinegga,
1711 1397 1784 1420 can.
1801 1389 2034 1421 Constantien.
2054 1389 2135 1421 eccl.
2153 1389 2207 1430 (A.
2220 1390 2272 1428 22,
2288 1387 2312 1420 f.
2331 1389 2433 1425 128·;

843 1442 876 1473 V.
895 1444 944 1479 78,
961 1451 1013 1481 ep.
1033 1443 1116 1480 192.)

881 1492 1014 1524 20794.
1035 1513 1074 1518 —
1089 1494 1292 1526 Habilitatio
1310 1494 1447 1534 Gotfridi
1464 1494 1562 1526 [Jlrici
1576 1494 1651 1526 dicti
1660 1495 1774 1533 Aman,
1789 1495 1827 1526 de
1841 1494 2019 1536 Hunaberq,
2039 1495 2435 1527 subdiac-constantien.

836 1550 894 1586 di.,
912 1549 970 1589 qui
987 1548 1121 1588 paroch.
1141 1549 1221 1579 eccl.
1238 1548 1273 1579 in
1287 1548 1576 1586 Nassenburren.‚
1591 1549 1780 1589 Augusten.
1797 1549 1858 1584 di.,
1872 1557 1974 1589 quam
1990 1549 2162 1581 dimittere
2178 1550 2325 1587 tenetur,
2333 1556 2394 1589 per
2402 1556 2434 1580 vi

837 1611 942 1634 annos
957 1602 1065 1633 tenuit
1083 1610 1143 1632 nec
1160 1610 1195 1632 se
1219 1601 1298 1633 fecit
1315 1602 1357 1633 ad
1370 1610 1486 1634 sacros
1503 1602 1576 1634 ord.
1596 1602 1789 1642 promoveri
1796 1612 1806 1639 3
1823 1602 1955 1634 fructus
1971 1611 2051 1634 vero
2067 1602 2170 1634 unius
2190 1602 2271 1634 anni
2286 1602 2323 1634 in
2343 1601 2435 1646 utili·

836 1657 939 1687 tatem
957 1655 1054 1686 dictae
1069 1655 1150 1687 eccl.
1168 1655 1352 1694 persolvat.
1370 1656 1422 1694 (A.
1439 1657 1491 1693 22,
1505 1656 1528 1687 f.
1543 1657 1601 1688 129
1617 1661 1646 1693 *ς
1670 1655 1703 1687 V.
1725 1657 1775 1693 78,
1793 1664 1845 1696 ep.
1868 1655 1957 1696 193.)
2475 1649 2477 1651 ¹

881 1706 1016 1737 20795.
1034 1726 1073 1731 -
1090 1708 1248 1739 Bernardo
1263 1708 1298 1739 de
1314 1707 1487 1746 Molinerio‚
1507 1718 1580 1741 can.
1597 1709 1678 1741 eccl.
1695 1709 1735 1740 de
1749 1710 1861 1746 Prato,
1879 1709 2042 1741 Auxitan.
2057 1709 2118 1747 di.,
2135 1708 2328 1741 habilitatio
2344 1717 2387 1740 ex
2397 1716 2438 1740 eo

838 1763 927 1802 quod
943 1762 1170 1802 parochialem
1187 1762 1267 1793 eccl.
1286 1771 1313 1793 s.
1328 1763 1470 1794 Joannis
1489 1762 1678 1800 Comitalis,
1698 1763 1796 1794 dictae
1811 1762 1870 1798 di.,
1887 1771 1947 1803 per
1965 1762 2181 1802 septennium
2197 1762 2307 1794 tenuit
2321 1763 2355 1794 et
2369 1769 2438 1794 non

838 1824 874 1847 se
892 1815 971 1847 fecit
989 1815 1023 1846 in
1040 1815 1153 1855 presb.
1171 1815 1373 1855 promoveri.
1393 1816 1445 1855 (A.
1466 1817 1517 1851 22,
1536 1816 1559 1846 f.
1577 1818 1637 1848 345
1652 1816 1682 1854 ὓς
1705 1816 1740 1847 V.
1759 1818 1809 1853 78,
1825 1825 1878 1856 ep.
1896 1817 1980 1855 723.)

883 1866 1018 1898 20796.
1036 1886 1074 1891 -—
1087 1869 1262 1900 Raimundo
1275 1869 1313 1900 de
1326 1868 1492 1906 Alc-alano,
1509 1869 1589 1901 cler.
1605 1869 1750 1902 Ilerden.
1764 1870 1826 1906 di.,
1841 1870 1951 1910 gratia
1966 1878 2063 1910 exsp.
2072 1869 2184 1901 benef.
2201 1878 2232 1901 c.
2244 1878 2273 1901 c.
2289 1868 2344 1901 vel
2352 1877 2381 1901 s.
2393 1877 2436 1908 c.‚

837 1923 889 1963 (50
911 1923 934 1953 1.
951 1924 989 1962 t.)
1006 1923 1042 1953 in
1059 1923 1151 1954 civit.
1171 1922 1224 1954 vel
1241 1923 1287 1953 di.
1305 1923 1465 1959 Ilei-den„
1483 1923 1606 1963 pertin.
1632 1923 1674 1954 ad
1693 1923 1806 1954 conat.
1830 1914 1910 1963 'epi
1927 1941 1966 1946 —
1989 1923 2015 1954 1.
2034 1931 2063 1954 e.
2083 1931 2127 1954 m.
2149 1931 2253 1963 praep.
2278 1923 2440 1955 Terraco-

838 1985 928 2013 nen.‚
946 1979 976 2008 et
992 1975 1118 2007 archid.
1139 1976 1371 2015 Hippaourciae
1383 1976 1543 2014 Ilerden.‚
1560 1985 1597 2008 ac
1607 1977 1710 2008 Petro
1725 1977 1766 2008 de
1781 1976 1939 2014 Abbatia,
1950 1985 2023 2007 can.
2038 1975 2209 2008 Valentin.
2226 1975 2307 2008 eccl.
2322 1976 2437 2016 (Am,

838 2029 860 2061 f.
881 2031 938 2061 183
953 2029 982 2067 ¹³3
1008 2029 1041 2059 V.
1060 2031 1108 2066 78,
1126 2038 1178 2069 ep.
1197 2031 1281 2068 117.)

883 2079 1019 2111 20797.
1035 2101 1074 2106 -
1090 2082 1233 2114 Michaeli
1248 2082 1444 2122 Ricomanni,
1463 2092 1534 2123 cap.
1553 2084 1586 2115 et
1604 2083 1712 2114 famil.
1727 2083 1906 2115 Guillelmi
1922 2091 1950 2115 s.
1968 2083 2103 2124 Cyriaci
2119 2082 2234 2123 presb.
2247 2082 2338 2114 card.
2357 2091 2438 2124 sup-

838 2136 931 2175 plic.,
951 2136 1057 2176 gratia
1073 2145 1169 2176 exsp.
1185 2137 1417 2177 praepositurae
1432 2145 1493 2168 seu
1510 2138 1672 2168 mensatae
1685 2145 1713 2168 s.
1733 2145 1759 2168 c.
1779 2145 1854 2177 quae
1868 2145 1929 2168 nec
1948 2136 2039 2177 dign.
2057 2145 2119 2168 nec
2132 2137 2336 2176 personatus
2350 2135 2440 2168 exis-

837 2190 885 2220 tat
902 2189 936 2220 in
956 2189 1036 2221 eccl.
1055 2190 1226 2221 Valentin.
1245 2190 1354 2230 (qu'us
1373 2189 1492 2221 existit
1505 2198 1578 2221 can.
1590 2189 1766 2230 praeben.);
1786 2199 1851 2221 non
1865 2189 1952 2221 obst.
1964 2189 2098 2230 paroch.
2113 2189 2194 2221 eccl.
2207 2189 2248 2221 de
2264 2188 2439 2226 Albulam,

837 2243 1018 2274 Dertusen.
1036 2243 1081 2275 di.
1100 2261 1136 2265 —
1155 2243 1181 2274 Ι.
1205 2252 1234 2275 e.
1252 2252 1296 2274 m.
1320 2243 1427 2283 priori
1444 2243 1642 2281 Dertusen.,
1659 2245 1692 2275 et
1718 2243 1870 2274 sacristae
1887 2243 2110 2280 Avenionen.,
2133 2251 2172 2274 ac
2186 2242 2287 2275 Gotio
2309 2242 2350 2275 de
2361 2241 2441 2275 Ari-

839 2295 943 2332 mino,
960 2297 1060 2336 Papae
1077 2305 1163 2336 cap„
1181 2305 1254 2328 can.
1270 2297 1503 2328 Ravennaten.
1519 2297 1600 2328 eccl.
1620 2297 1671 2336 (A.
1688 2298 1739 2334 22,
1757 2297 1779 2327 f.
1798 2297 1857 2328 188
1870 2296 1901 2333 ¹¹3
1926 2296 1959 2327 V.
1973 2297 2023 2335 78,
2043 2305 2096 2336 ep.
2114 2296 2199 2335 150.)

882 2346 1017 2378 20798.
1041 2367 1076 2372 -
1093 2350 1217 2388 Joanm‘,
1240 2355 1312 2381 nalo
1336 2349 1485 2381 Guidonis
1501 2349 1578 2381 dicti
1604 2350 1768 2391 Praepositi
1789 2350 1825 2381 de
1848 2350 2083 2391 Montejushno,
2106 2357 2201 2390 prov.
2219 2357 2338 2381 canon.
2355 2348 2439 2394 ecel.

838 2402 971 2433 Tullen.
996 2402 1059 2433 sub
1076 2412 1171 2443 exsp.
1191 2403 1293 2443 praeb.
1308 2421 1347 2426 —-
1363 2404 1388 2435 I.
1407 2413 1436 2435 e.
1455 2413 1500 2435 m.
1518 2413 1546 2434 s.
1570 2403 1740 2435 Mansueti
1758 2405 1855 2435 extra
1872 2411 1988 2435 muros
2007 2403 2157 2441 Tullen.‚
2176 2403 2209 2434 et
2225 2402 2266 2434 de
2284 2402 2440 2434 Luxovio

840 2463 877 2485 ac
893 2455 933 2485 de
949 2456 1054 2487 Lutra
1068 2458 1213 2488 monast.
1231 2456 1321 2494 abb„
1339 2457 1509 2488 Bisuntin.
1525 2457 1570 2488 di.
1589 2457 1642 2498 (A.
1659 2458 1709 2494 22,
1729 2457 1751 2487 f.
1769 2457 1826 2487 188
1843 2462 1873 2494 ⁸3
1897 2456 1933 2488 V.
1953 2458 2003 2493 78,
2019 2465 2071 2497 ep.
2092 2457 2177 2497 155.)

883 2504 1016 2537 20799.
1033 2526 1069 2531 -
1083 2509 1176 2540 Petro
1191 2509 1228 2541 de
1242 2510 1337 2549 Luco,
1351 2511 1601 2551 consanguineo
1617 2510 1782 2542 Bernardi
1797 2519 1826 2542 s.
1842 2510 1982 2551 Agathae
1994 2510 2080 2542 diac.
2098 2509 2188 2541 card.
2201 2509 2362 2549 supplic.,
2374 2509 2441 2542 col-

839 2559 921 2592 latio
944 2562 1129 2594 scolastriae
1147 2563 1228 2595 eccl.
1255 2564 1479 2604 Burdegalen.
1497 2564 1650 2596 vacantis
1667 2572 1727 2604 per
1745 2563 1908 2604 resignat.
1926 2563 2017 2604 apud
2033 2564 2067 2596 S.
2085 2562 2126 2594 A.
2143 2562 2270 2595 Vitalis
2293 2562 2418 2595 Fisson
2426 2572 2438 2600 ς.

838 2621 905 2644 non
923 2614 1010 2646 obst.
1032 2615 1067 2646 in
1091 2616 1221 2654 eadem,
1241 2617 1430 2654 pictaven„
1451 2618 1699 2653 Convenarum,
1717 2617 1907 2649 Placentia.
1923 2618 1957 2648 et
1982 2625 2013 2648 s.
2035 2616 2132 2648 Ilarii
2154 2615 2327 2648 Pictaven.
2355 2615 2438 2648 ecel.

839 2675 956 2698 canon.
974 2669 1007 2699 et
1023 2668 1126 2707 praeb.
1141 2686 1179 2692 -—
1192 2670 1218 2700 I.
1236 2678 1264 2700 e.
1280 2679 1325 2701 m.
1345 2673 1433 2702 cant.
1449 2671 1714 2711 Petragoricen.,
1729 2671 1762 2702 et
1778 2670 1930 2708 scolast„
1946 2678 1984 2701 ac
2002 2669 2174 2702 Galhardo
2188 2669 2229 2701 de
2246 2669 2346 2707 Gaza,
2363 2677 2438 2701 can.

839 2719 1071 2752 constantien.
1089 2722 1169 2753 eccl.
1188 2723 1242 2762 (A.
1260 2725 1309 2760 22,
1329 2723 1352 2754 f.
1371 2725 1430 2756 195
1445 2729 1474 2762 ²³3
1497 2724 1532 2756 V.
1553 2725 1603 2759 78,
1621 2733 1674 2764 ep.
1691 2725 1777 2763 216.)

884 2770 1020 2803 20800.
1041 2792 1074 2797 —-
1093 2775 1190 2806 Heliae
1208 2776 1348 2807 Texeoris
1364 2777 1401 2808 de
1420 2776 1623 2816 Galloassalo,
1642 2778 1722 2810 cler.
1740 2777 1993 2817 Petragoricen.
2011 2776 2072 2814 di.,
2086 2776 2196 2817 gratia
2214 2784 2310 2816 exsp.
2323 2775 2437 2808 benef.

839 2826 880 2866 (c.
896 2835 923 2857 c.
941 2828 979 2858 70
994 2827 1046 2858 vel
1062 2836 1089 2858 s.
1107 2837 1135 2859 c.
1152 2830 1191 2860 50
1209 2829 1229 2860 l.
1248 2829 1288 2869 t.)
1305 2830 1340 2861 in
1365 2831 1456 2862 civit.
1483 2831 1538 2862 vel
1561 2831 1607 2862 di.
1623 2830 1890 2870 Petragoricen.,
1913 2830 2038 2870 pertin.
2064 2830 2107 2861 ad
2128 2829 2284 2870 disposit.
2302 2828 2383 2869 ep.i.
2400 2846 2439 2852 —

838 2879 865 2910 Ι.
884 2887 912 2910 e.
932 2888 977 2911 m.
994 2879 1070 2911 abb.
1094 2884 1238 2913 monast.
1253 2883 1290 2914 B.
1309 2884 1354 2915 M.
1369 2884 1410 2915 de
1427 2884 1632 2921 Cancellata,
1651 2883 1902 2924 Petragoricen.
1921 2883 1981 2920 di.,
1999 2885 2032 2915 et
2048 2883 2175 2915 decano
2190 2882 2439 2923 Engolismen.‚

839 2940 877 2963 ac
894 2932 1020 2963 archid.
1037 2934 1286 2974 petragoricen.
1308 2937 1388 2968 eccl.
1406 2937 1461 2978 (A.
1480 2939 1530 2975 22,
1549 2938 1572 2969 f.
1589 2939 1649 2969 204
1665 2936 1694 2974 ¹³;
1715 2936 1748 2968 Ρ.
1766 2938 1815 2974 78,
1836 2945 1888 2977 ep.
1909 2936 1996 2977 296.)
