<?xml version="1.0" encoding="UTF-8"?>
<!DOCTYPE html PUBLIC "-//W3C//DTD XHTML 1.0 Transitional//EN"
    "http://www.w3.org/TR/xhtml1/DTD/xhtml1-transitional.dtd">
<html xmlns="http://www.w3.org/1999/xhtml" xml:lang="en" lang="en">
 <head>
  <title>
</title>
<meta http-equiv="Content-Type" content="text/html;charset=utf-8" />
  <meta name='ocr-system' content='tesseract 3.04.00' />
  <meta name='ocr-capabilities' content='ocr_page ocr_carea ocr_par ocr_line ocrx_word'/>
</head>
<body>
  <div class='ocr_page' id='page_1' title='image "./lettrescommunes05romeuoft_0124.png"; bbox 0 0 2592 3562; ppageno 0'>
   <div class='ocr_carea' id='block_1_1' title="bbox 375 343 434 372">
    <p class='ocr_par' dir='ltr' id='par_1_1' title="bbox 375 343 434 372">
     <span class='ocr_line' id='line_1_1' title="bbox 375 343 434 372; baseline -0.017 0"><span class='ocrx_word' id='word_1_1' title='bbox 375 343 434 372; x_wconf 78' lang='lat'>114</span> 
     </span>
    </p>
   </div>
   <div class='ocr_carea' id='block_1_2' title="bbox 406 424 713 459">
    <p class='ocr_par' dir='ltr' id='par_1_2' title="bbox 406 424 713 459">
     <span class='ocr_line' id='line_1_2' title="bbox 406 424 713 459; baseline -0.003 -1"><span class='ocrx_word' id='word_1_2' title='bbox 406 432 509 459; x_wconf 83' lang='lat' dir='ltr'>Datum</span> <span class='ocrx_word' id='word_1_3' title='bbox 528 424 713 459; x_wconf 79' lang='lat' dir='ltr'>Avenione.</span> 
     </span>
    </p>
   </div>
   <div class='ocr_carea' id='block_1_3' title="bbox 442 637 676 720">
    <p class='ocr_par' dir='ltr' id='par_1_3' title="bbox 442 637 676 720">
     <span class='ocr_line' id='line_1_3' title="bbox 443 637 671 675; baseline -0.009 -8"><span class='ocrx_word' id='word_1_4' title='bbox 443 640 481 667; x_wconf 78' lang='lat'>21</span> <span class='ocrx_word' id='word_1_5' title='bbox 503 647 564 675; x_wconf 82' lang='lat' dir='ltr'>apr.</span> <span class='ocrx_word' id='word_1_6' title='bbox 584 637 671 666; x_wconf 67' lang='lat'>4324.</span> 
     </span>
     <span class='ocr_line' id='line_1_4' title="bbox 442 683 676 720; baseline -0.009 -8"><span class='ocrx_word' id='word_1_7' title='bbox 442 685 485 720; x_wconf 79' lang='lat' dir='ltr'>(xx</span> <span class='ocrx_word' id='word_1_8' title='bbox 504 685 562 712; x_wconf 83' lang='lat' dir='ltr'>kal.</span> <span class='ocrx_word' id='word_1_9' title='bbox 581 683 676 716; x_wconf 86' lang='lat' dir='ltr'>maii.)</span> 
     </span>
    </p>
   </div>
   <div class='ocr_carea' id='block_1_4' title="bbox 465 746 645 825">
    <p class='ocr_par' dir='ltr' id='par_1_4' title="bbox 465 746 645 825">
     <span class='ocr_line' id='line_1_5' title="bbox 522 746 599 773; baseline -0.013 0"><span class='ocrx_word' id='word_1_10' title='bbox 522 746 559 773; x_wconf 76' lang='lat' dir='ltr'>Ut</span> <span class='ocrx_word' id='word_1_11' title='bbox 575 754 599 772; x_wconf 84' lang='lat' dir='ltr'>s.</span> 
     </span>
     <span class='ocr_line' id='line_1_6' title="bbox 465 790 645 825; baseline -0.022 -5"><span class='ocrx_word' id='word_1_12' title='bbox 465 792 495 820; x_wconf 89' lang='lat' dir='ltr'>T.</span> <span class='ocrx_word' id='word_1_13' title='bbox 513 791 559 825; x_wconf 82' lang='lat' dir='ltr'>XI,</span> <span class='ocrx_word' id='word_1_14' title='bbox 574 790 645 818; x_wconf 91' lang='lat' dir='ltr'>XIII.</span> 
     </span>
    </p>
   </div>
   <div class='ocr_carea' id='block_1_5' title="bbox 518 960 599 988">
    <p class='ocr_par' dir='ltr' id='par_1_5' title="bbox 518 960 599 988">
     <span class='ocr_line' id='line_1_7' title="bbox 518 960 599 988; baseline 0 0"><span class='ocrx_word' id='word_1_15' title='bbox 518 960 555 988; x_wconf 82' lang='lat' dir='ltr'>Ut</span> <span class='ocrx_word' id='word_1_16' title='bbox 575 969 599 988; x_wconf 77' lang='lat' dir='ltr'>S.</span> 
     </span>
    </p>
   </div>
   <div class='ocr_carea' id='block_1_6' title="bbox 466 1282 652 1359">
    <p class='ocr_par' dir='ltr' id='par_1_6' title="bbox 466 1282 652 1359">
     <span class='ocr_line' id='line_1_8' title="bbox 512 1282 595 1309; baseline -0.024 0"><span class='ocrx_word' id='word_1_17' title='bbox 512 1282 550 1309; x_wconf 83' lang='lat' dir='ltr'>Ut</span> <span class='ocrx_word' id='word_1_18' title='bbox 572 1289 595 1307; x_wconf 88' lang='lat' dir='ltr'>s.</span> 
     </span>
     <span class='ocr_line' id='line_1_9' title="bbox 466 1323 652 1359; baseline -0.016 -6"><span class='ocrx_word' id='word_1_19' title='bbox 466 1327 498 1353; x_wconf 91' lang='lat' dir='ltr'>T.</span> <span class='ocrx_word' id='word_1_20' title='bbox 519 1326 566 1359; x_wconf 90' lang='lat' dir='ltr'>XI,</span> <span class='ocrx_word' id='word_1_21' title='bbox 580 1323 652 1352; x_wconf 88' lang='lat' dir='ltr'>XIII.</span> 
     </span>
    </p>
   </div>
   <div class='ocr_carea' id='block_1_7' title="bbox 463 1602 646 1680">
    <p class='ocr_par' dir='ltr' id='par_1_7' title="bbox 463 1602 646 1680">
     <span class='ocr_line' id='line_1_10' title="bbox 522 1602 601 1629; baseline 0 -1"><span class='ocrx_word' id='word_1_22' title='bbox 522 1602 557 1629; x_wconf 81' lang='lat' dir='ltr'>Ut</span> <span class='ocrx_word' id='word_1_23' title='bbox 578 1609 601 1628; x_wconf 85' lang='lat' dir='ltr'>s.</span> 
     </span>
     <span class='ocr_line' id='line_1_11' title="bbox 463 1645 646 1680; baseline -0.016 -6"><span class='ocrx_word' id='word_1_24' title='bbox 463 1647 493 1674; x_wconf 90' lang='lat' dir='ltr'>T.</span> <span class='ocrx_word' id='word_1_25' title='bbox 511 1646 558 1680; x_wconf 89' lang='lat' dir='ltr'>XI,</span> <span class='ocrx_word' id='word_1_26' title='bbox 575 1645 646 1672; x_wconf 88' lang='lat' dir='ltr'>XIII.</span> 
     </span>
    </p>
   </div>
   <div class='ocr_carea' id='block_1_8' title="bbox 467 1762 645 1841">
    <p class='ocr_par' dir='ltr' id='par_1_8' title="bbox 467 1762 645 1841">
     <span class='ocr_line' id='line_1_12' title="bbox 520 1762 596 1789; baseline -0.013 0"><span class='ocrx_word' id='word_1_27' title='bbox 520 1762 556 1789; x_wconf 81' lang='lat' dir='ltr'>Ut</span> <span class='ocrx_word' id='word_1_28' title='bbox 573 1770 596 1788; x_wconf 90' lang='lat' dir='ltr'>s.</span> 
     </span>
     <span class='ocr_line' id='line_1_13' title="bbox 467 1805 645 1841; baseline -0.011 -7"><span class='ocrx_word' id='word_1_29' title='bbox 467 1807 497 1834; x_wconf 86' lang='lat' dir='ltr'>T.</span> <span class='ocrx_word' id='word_1_30' title='bbox 511 1807 557 1841; x_wconf 83' lang='lat' dir='ltr'>xl,</span> <span class='ocrx_word' id='word_1_31' title='bbox 573 1805 645 1833; x_wconf 80' lang='lat' dir='ltr'>xm.</span> 
     </span>
    </p>
   </div>
   <div class='ocr_carea' id='block_1_9' title="bbox 442 1922 670 2005">
    <p class='ocr_par' dir='ltr' id='par_1_9' title="bbox 442 1922 670 2005">
     <span class='ocr_line' id='line_1_14' title="bbox 442 1922 670 1959; baseline -0.009 -8"><span class='ocrx_word' id='word_1_32' title='bbox 442 1924 483 1951; x_wconf 79' lang='lat'>22</span> <span class='ocrx_word' id='word_1_33' title='bbox 501 1931 562 1959; x_wconf 85' lang='lat' dir='ltr'>apr.</span> <span class='ocrx_word' id='word_1_34' title='bbox 583 1922 670 1950; x_wconf 76' lang='lat'>1324.</span> 
     </span>
     <span class='ocr_line' id='line_1_15' title="bbox 444 1967 666 2005; baseline -0.009 -9"><span class='ocrx_word' id='word_1_35' title='bbox 444 1972 474 2005; x_wconf 83' lang='lat' dir='ltr'>(x</span> <span class='ocrx_word' id='word_1_36' title='bbox 490 1968 549 1996; x_wconf 85' lang='lat' dir='ltr'>kal.</span> <span class='ocrx_word' id='word_1_37' title='bbox 572 1967 666 1999; x_wconf 84' lang='lat' dir='ltr'>maii.)</span> 
     </span>
    </p>
   </div>
   <div class='ocr_carea' id='block_1_10' title="bbox 496 2138 617 2208">
    <p class='ocr_par' dir='ltr' id='par_1_10' title="bbox 496 2138 617 2208">
     <span class='ocr_line' id='line_1_16' title="bbox 517 2138 593 2165; baseline -0.013 0"><span class='ocrx_word' id='word_1_38' title='bbox 517 2138 554 2165; x_wconf 82' lang='lat' dir='ltr'>Ut</span> <span class='ocrx_word' id='word_1_39' title='bbox 570 2146 593 2164; x_wconf 88' lang='lat' dir='ltr'>s.</span> 
     </span>
     <span class='ocr_line' id='line_1_17' title="bbox 496 2181 617 2208; baseline 0 0"><span class='ocrx_word' id='word_1_40' title='bbox 496 2182 525 2208; x_wconf 89' lang='lat' dir='ltr'>T.</span> <span class='ocrx_word' id='word_1_41' title='bbox 547 2181 617 2208; x_wconf 90' lang='lat' dir='ltr'>XVI.</span> 
     </span>
    </p>
   </div>
   <div class='ocr_carea' id='block_1_11' title="bbox 484 2243 628 2315">
    <p class='ocr_par' dir='ltr' id='par_1_11' title="bbox 484 2243 628 2315">
     <span class='ocr_line' id='line_1_18' title="bbox 514 2243 594 2271; baseline -0.025 0"><span class='ocrx_word' id='word_1_42' title='bbox 514 2243 552 2271; x_wconf 69' lang='lat' dir='ltr'>Ut</span> <span class='ocrx_word' id='word_1_43' title='bbox 571 2251 594 2270; x_wconf 86' lang='lat' dir='ltr'>s.</span> 
     </span>
     <span class='ocr_line' id='line_1_19' title="bbox 484 2288 628 2315; baseline 0 -1"><span class='ocrx_word' id='word_1_44' title='bbox 484 2288 514 2315; x_wconf 89' lang='lat' dir='ltr'>T.</span> <span class='ocrx_word' id='word_1_45' title='bbox 534 2288 628 2314; x_wconf 84' lang='lat' dir='ltr'>XXIV.</span> 
     </span>
    </p>
   </div>
   <div class='ocr_carea' id='block_1_12' title="bbox 441 2350 672 2467">
    <p class='ocr_par' dir='ltr' id='par_1_12' title="bbox 441 2350 672 2467">
     <span class='ocr_line' id='line_1_20' title="bbox 441 2350 670 2386; baseline 0.004 -9"><span class='ocrx_word' id='word_1_46' title='bbox 441 2351 480 2378; x_wconf 80' lang='lat'>23</span> <span class='ocrx_word' id='word_1_47' title='bbox 500 2359 561 2386; x_wconf 83' lang='lat' dir='ltr'>apr.</span> <span class='ocrx_word' id='word_1_48' title='bbox 582 2350 670 2378; x_wconf 73' lang='lat'>1324.</span> 
     </span>
     <span class='ocr_line' id='line_1_21' title="bbox 442 2395 672 2431; baseline 0 -9"><span class='ocrx_word' id='word_1_49' title='bbox 442 2395 485 2431; x_wconf 64' lang='grc' dir='ltr'>(ιχ</span> <span class='ocrx_word' id='word_1_50' title='bbox 501 2396 560 2422; x_wconf 87' lang='lat' dir='ltr'>kal.</span> <span class='ocrx_word' id='word_1_51' title='bbox 578 2395 672 2430; x_wconf 87' lang='lat' dir='ltr'>maii.)</span> 
     </span>
     <span class='ocr_line' id='line_1_22' title="bbox 505 2440 609 2467; baseline 0 0"><span class='ocrx_word' id='word_1_52' title='bbox 505 2440 535 2467; x_wconf 91' lang='lat' dir='ltr'>T.</span> <span class='ocrx_word' id='word_1_53' title='bbox 553 2440 609 2467; x_wconf 88' lang='lat' dir='ltr'>XX.</span> 
     </span>
    </p>
   </div>
   <div class='ocr_carea' id='block_1_13' title="bbox 481 2564 630 2638">
    <p class='ocr_par' dir='ltr' id='par_1_13' title="bbox 481 2564 630 2638">
     <span class='ocr_line' id='line_1_23' title="bbox 518 2564 598 2592; baseline -0.013 0"><span class='ocrx_word' id='word_1_54' title='bbox 518 2564 554 2592; x_wconf 85' lang='lat' dir='ltr'>Ut</span> <span class='ocrx_word' id='word_1_55' title='bbox 573 2573 598 2592; x_wconf 88' lang='lat' dir='ltr'>s.</span> 
     </span>
     <span class='ocr_line' id='line_1_24' title="bbox 481 2609 630 2638; baseline -0.007 0"><span class='ocrx_word' id='word_1_56' title='bbox 481 2610 512 2638; x_wconf 89' lang='lat' dir='ltr'>T.</span> <span class='ocrx_word' id='word_1_57' title='bbox 534 2609 630 2637; x_wconf 88' lang='lat' dir='ltr'>XXIV.</span> 
     </span>
    </p>
   </div>
   <div class='ocr_carea' id='block_1_14' title="bbox 460 2778 651 2858">
    <p class='ocr_par' dir='ltr' id='par_1_14' title="bbox 460 2778 651 2858">
     <span class='ocr_line' id='line_1_25' title="bbox 516 2778 597 2806; baseline 0 0"><span class='ocrx_word' id='word_1_58' title='bbox 516 2778 553 2806; x_wconf 81' lang='lat' dir='ltr'>Ut</span> <span class='ocrx_word' id='word_1_59' title='bbox 572 2787 597 2806; x_wconf 83' lang='lat' dir='ltr'>s.</span> 
     </span>
     <span class='ocr_line' id='line_1_26' title="bbox 460 2823 651 2858; baseline 0 -8"><span class='ocrx_word' id='word_1_60' title='bbox 460 2823 492 2851; x_wconf 87' lang='lat' dir='ltr'>T.</span> <span class='ocrx_word' id='word_1_61' title='bbox 510 2823 556 2858; x_wconf 88' lang='lat' dir='ltr'>XI,</span> <span class='ocrx_word' id='word_1_62' title='bbox 577 2823 651 2851; x_wconf 88' lang='lat' dir='ltr'>XIII.</span> 
     </span>
    </p>
   </div>
   <div class='ocr_carea' id='block_1_15' title="bbox 778 336 1998 379">
    <p class='ocr_par' dir='ltr' id='par_1_15' title="bbox 778 336 1998 379">
     <span class='ocr_line' id='line_1_27' title="bbox 778 336 1998 379; baseline 0.002 -11"><span class='ocrx_word' id='word_1_63' title='bbox 778 336 953 369; x_wconf 86' lang='lat' dir='ltr'>JOANNIS</span> <span class='ocrx_word' id='word_1_64' title='bbox 976 336 1095 368; x_wconf 85' lang='lat' dir='ltr'>PAPAE</span> <span class='ocrx_word' id='word_1_65' title='bbox 1117 337 1218 368; x_wconf 88' lang='lat' dir='ltr'>XXII.</span> <span class='ocrx_word' id='word_1_66' title='bbox 1243 338 1482 379; x_wconf 78' lang='lat'><strong>(1316-1334)</strong></span> <span class='ocrx_word' id='word_1_67' title='bbox 1502 356 1541 362; x_wconf 95' lang='lat'><strong>—</strong></span> <span class='ocrx_word' id='word_1_68' title='bbox 1563 338 1750 370; x_wconf 84' lang='lat' dir='ltr'>LITTERAE</span> <span class='ocrx_word' id='word_1_69' title='bbox 1773 338 1998 371; x_wconf 86' lang='lat' dir='ltr'><strong>COMMUNES</strong></span> 
     </span>
    </p>
   </div>
   <div class='ocr_carea' id='block_1_16' title="bbox 796 530 2409 3082">
    <p class='ocr_par' dir='ltr' id='par_1_16' title="bbox 801 530 2404 625">
     <span class='ocr_line' id='line_1_28' title="bbox 801 530 2404 572; baseline 0.003 -12"><span class='ocrx_word' id='word_1_70' title='bbox 801 530 929 561; x_wconf 82' lang='lat' dir='ltr'>tionem</span> <span class='ocrx_word' id='word_1_71' title='bbox 947 530 1027 561; x_wconf 89' lang='lat' dir='ltr'>eccl.</span> <span class='ocrx_word' id='word_1_72' title='bbox 1046 530 1222 561; x_wconf 86' lang='lat' dir='ltr'>s.Martini</span> <span class='ocrx_word' id='word_1_73' title='bbox 1238 530 1279 561; x_wconf 91' lang='lat' dir='ltr'>de</span> <span class='ocrx_word' id='word_1_74' title='bbox 1295 530 1461 566; x_wconf 86' lang='lat' dir='ltr'>Massaco,</span> <span class='ocrx_word' id='word_1_75' title='bbox 1478 531 1625 562; x_wconf 88' lang='lat' dir='ltr'>Vauren.</span> <span class='ocrx_word' id='word_1_76' title='bbox 1641 531 1700 569; x_wconf 90' lang='lat' dir='ltr'>di.,</span> <span class='ocrx_word' id='word_1_77' title='bbox 1718 532 1806 564; x_wconf 85' lang='lat' dir='ltr'>auct.</span> <span class='ocrx_word' id='word_1_78' title='bbox 1824 531 1890 563; x_wconf 86' lang='lat' dir='ltr'>litt.</span> <span class='ocrx_word' id='word_1_79' title='bbox 1909 531 2215 572; x_wconf 82' lang='lat' dir='ltr'>apost.Guillelmo</span> <span class='ocrx_word' id='word_1_80' title='bbox 2227 533 2269 565; x_wconf 87' lang='lat' dir='ltr'>de</span> <span class='ocrx_word' id='word_1_81' title='bbox 2284 533 2404 570; x_wconf 72' lang='grc' dir='ltr'><strong>Βοεοο,</strong></span> 
     </span>
     <span class='ocr_line' id='line_1_29' title="bbox 802 583 1984 625; baseline -0.001 -10"><span class='ocrx_word' id='word_1_82' title='bbox 802 583 887 615; x_wconf 90' lang='lat' dir='ltr'>alias</span> <span class='ocrx_word' id='word_1_83' title='bbox 903 584 992 614; x_wconf 84' lang='lat' dir='ltr'>dicto</span> <span class='ocrx_word' id='word_1_84' title='bbox 1007 583 1048 615; x_wconf 89' lang='lat' dir='ltr'>de</span> <span class='ocrx_word' id='word_1_85' title='bbox 1066 583 1224 620; x_wconf 84' lang='lat' dir='ltr'><strong>Hectore,</strong></span> <span class='ocrx_word' id='word_1_86' title='bbox 1239 583 1381 615; x_wconf 80' lang='lat' dir='ltr'>collatae.</span> <span class='ocrx_word' id='word_1_87' title='bbox 1399 584 1451 624; x_wconf 99' lang='lat' dir='ltr'>(A.</span> <span class='ocrx_word' id='word_1_88' title='bbox 1468 585 1519 619; x_wconf 89' lang='grc'>20,</span> <span class='ocrx_word' id='word_1_89' title='bbox 1536 584 1559 616; x_wconf 82' lang='lat' dir='ltr'>f.</span> <span class='ocrx_word' id='word_1_90' title='bbox 1575 586 1635 617; x_wconf 79' lang='lat'>5⁴9</span> <span class='ocrx_word' id='word_1_91' title='bbox 1648 584 1678 622; x_wconf 82' lang='lat' dir='ltr'>b;</span> <span class='ocrx_word' id='word_1_92' title='bbox 1699 585 1735 616; x_wconf 93' lang='lat' dir='ltr'>V.</span> <span class='ocrx_word' id='word_1_93' title='bbox 1756 587 1807 620; x_wconf 85' lang='lat'>76,</span> <span class='ocrx_word' id='word_1_94' title='bbox 1825 593 1878 625; x_wconf 87' lang='lat' dir='ltr'>ep.</span> <span class='ocrx_word' id='word_1_95' title='bbox 1898 586 1984 623; x_wconf 85' lang='grc'><strong>996.)</strong></span> 
     </span>
    </p>

    <p class='ocr_par' dir='ltr' id='par_1_17' title="bbox 801 634 2405 732">
     <span class='ocr_line' id='line_1_30' title="bbox 849 634 2405 680; baseline 0.004 -15"><span class='ocrx_word' id='word_1_96' title='bbox 849 634 983 666; x_wconf 78' lang='grc'><strong>19392.</strong></span> <span class='ocrx_word' id='word_1_97' title='bbox 1004 654 1039 659; x_wconf 91' lang='grc'>-</span> <span class='ocrx_word' id='word_1_98' title='bbox 1058 636 1184 677; x_wconf 78' lang='lat' dir='ltr'>Buffino</span> <span class='ocrx_word' id='word_1_99' title='bbox 1200 641 1271 667; x_wconf 84' lang='lat' dir='ltr'>nato</span> <span class='ocrx_word' id='word_1_100' title='bbox 1290 636 1394 667; x_wconf 79' lang='lat' dir='ltr'><em>oberti</em></span> <span class='ocrx_word' id='word_1_101' title='bbox 1406 637 1590 677; x_wconf 71' lang='lat' dir='ltr'>Rustiqaaeio</span> <span class='ocrx_word' id='word_1_102' title='bbox 1607 646 1703 678; x_wconf 89' lang='lat' dir='ltr'>prov.</span> <span class='ocrx_word' id='word_1_103' title='bbox 1720 647 1839 670; x_wconf 89' lang='lat' dir='ltr'>canon.</span> <span class='ocrx_word' id='word_1_104' title='bbox 1856 638 1938 670; x_wconf 85' lang='grc'><strong>0001.</strong></span> <span class='ocrx_word' id='word_1_105' title='bbox 1954 638 2098 670; x_wconf 88' lang='lat' dir='ltr'>Cuman.</span> <span class='ocrx_word' id='word_1_106' title='bbox 2113 638 2177 670; x_wconf 92' lang='lat' dir='ltr'>sub</span> <span class='ocrx_word' id='word_1_107' title='bbox 2193 647 2289 680; x_wconf 85' lang='lat' dir='ltr'>exsp.</span> <span class='ocrx_word' id='word_1_108' title='bbox 2301 639 2405 680; x_wconf 86' lang='lat' dir='ltr'>praeb.</span> 
     </span>
     <span class='ocr_line' id='line_1_31' title="bbox 801 690 1911 732; baseline 0.002 -11"><span class='ocrx_word' id='word_1_109' title='bbox 801 708 840 714; x_wconf 86' lang='lat'>-</span> <span class='ocrx_word' id='word_1_110' title='bbox 858 690 884 721; x_wconf 91' lang='lat'>1.</span> <span class='ocrx_word' id='word_1_111' title='bbox 904 699 933 721; x_wconf 80' lang='lat' dir='ltr'>e.</span> <span class='ocrx_word' id='word_1_112' title='bbox 951 699 996 721; x_wconf 87' lang='lat' dir='ltr'>m.</span> <span class='ocrx_word' id='word_1_113' title='bbox 1012 691 1048 722; x_wconf 82' lang='lat' dir='ltr'>ut</span> <span class='ocrx_word' id='word_1_114' title='bbox 1064 699 1106 728; x_wconf 87' lang='lat' dir='ltr'>s.‚</span> <span class='ocrx_word' id='word_1_115' title='bbox 1124 699 1157 720; x_wconf 87' lang='lat' dir='ltr'>n.</span> <span class='ocrx_word' id='word_1_116' title='bbox 1173 691 1282 722; x_wconf 83' lang='lat'>19389.</span> <span class='ocrx_word' id='word_1_117' title='bbox 1304 690 1356 729; x_wconf 83' lang='lat' dir='ltr'>(A.</span> <span class='ocrx_word' id='word_1_118' title='bbox 1373 692 1424 725; x_wconf 81' lang='lat'>20,</span> <span class='ocrx_word' id='word_1_119' title='bbox 1442 690 1464 721; x_wconf 84' lang='lat' dir='ltr'>f.</span> <span class='ocrx_word' id='word_1_120' title='bbox 1481 692 1542 722; x_wconf 77' lang='lat'>552</span> <span class='ocrx_word' id='word_1_121' title='bbox 1560 690 1590 728; x_wconf 73' lang='lat' dir='ltr'>b;</span> <span class='ocrx_word' id='word_1_122' title='bbox 1612 690 1644 722; x_wconf 83' lang='lat' dir='ltr'>V.</span> <span class='ocrx_word' id='word_1_123' title='bbox 1663 693 1714 729; x_wconf 75' lang='grc'><strong>77,</strong></span> <span class='ocrx_word' id='word_1_124' title='bbox 1735 700 1787 732; x_wconf 84' lang='lat' dir='ltr'>ep.</span> <span class='ocrx_word' id='word_1_125' title='bbox 1807 692 1911 730; x_wconf 81' lang='lat'>1008.)</span> 
     </span>
    </p>

    <p class='ocr_par' dir='ltr' id='par_1_18' title="bbox 802 741 2409 944">
     <span class='ocr_line' id='line_1_32' title="bbox 849 741 2409 786; baseline 0.004 -14"><span class='ocrx_word' id='word_1_126' title='bbox 849 741 985 774; x_wconf 87' lang='grc'><strong>19393.</strong></span> <span class='ocrx_word' id='word_1_127' title='bbox 1004 762 1041 766; x_wconf 94' lang='grc'><strong>-</strong></span> <span class='ocrx_word' id='word_1_128' title='bbox 1058 744 1172 776; x_wconf 79' lang='lat' dir='ltr'>,loanni</span> <span class='ocrx_word' id='word_1_129' title='bbox 1184 748 1257 773; x_wconf 81' lang='lat' dir='ltr'>nato</span> <span class='ocrx_word' id='word_1_130' title='bbox 1269 743 1399 775; x_wconf 76' lang='lat' dir='ltr'>loannis</span> <span class='ocrx_word' id='word_1_131' title='bbox 1408 743 1444 774; x_wconf 83' lang='lat' dir='ltr'>de</span> <span class='ocrx_word' id='word_1_132' title='bbox 1462 744 1597 786; x_wconf 71' lang='lat' dir='ltr'>ltineqqe</span> <span class='ocrx_word' id='word_1_133' title='bbox 1611 753 1707 785; x_wconf 86' lang='lat' dir='ltr'>prov.</span> <span class='ocrx_word' id='word_1_134' title='bbox 1725 754 1843 776; x_wconf 90' lang='lat' dir='ltr'>canon.</span> <span class='ocrx_word' id='word_1_135' title='bbox 1860 745 1940 776; x_wconf 85' lang='lat' dir='ltr'>eccl.</span> <span class='ocrx_word' id='word_1_136' title='bbox 1951 745 2169 786; x_wconf 82' lang='lat' dir='ltr'>Episcopalis</span> <span class='ocrx_word' id='word_1_137' title='bbox 2184 746 2289 784; x_wconf 84' lang='lat' dir='ltr'>cessae,</span> <span class='ocrx_word' id='word_1_138' title='bbox 2305 746 2409 778; x_wconf 84' lang='lat' dir='ltr'>Cons-</span> 
     </span>
     <span class='ocr_line' id='line_1_33' title="bbox 802 796 2406 838; baseline 0 -9"><span class='ocrx_word' id='word_1_139' title='bbox 802 798 944 829; x_wconf 82' lang='lat' dir='ltr'>tantien.</span> <span class='ocrx_word' id='word_1_140' title='bbox 966 797 1026 834; x_wconf 91' lang='lat' dir='ltr'>di.,</span> <span class='ocrx_word' id='word_1_141' title='bbox 1043 796 1107 827; x_wconf 85' lang='lat' dir='ltr'>sub</span> <span class='ocrx_word' id='word_1_142' title='bbox 1123 805 1218 837; x_wconf 86' lang='lat' dir='ltr'>exsp.</span> <span class='ocrx_word' id='word_1_143' title='bbox 1237 796 1340 836; x_wconf 87' lang='lat' dir='ltr'>praeb.</span> <span class='ocrx_word' id='word_1_144' title='bbox 1357 815 1396 819; x_wconf 97' lang='lat'><strong>—</strong></span> <span class='ocrx_word' id='word_1_145' title='bbox 1409 797 1437 828; x_wconf 97' lang='grc' dir='ltr'>Ι.</span> <span class='ocrx_word' id='word_1_146' title='bbox 1454 806 1483 828; x_wconf 88' lang='lat' dir='ltr'>e.</span> <span class='ocrx_word' id='word_1_147' title='bbox 1497 806 1542 828; x_wconf 90' lang='lat' dir='ltr'>m.</span> <span class='ocrx_word' id='word_1_148' title='bbox 1565 797 1641 829; x_wconf 86' lang='lat' dir='ltr'>abb.</span> <span class='ocrx_word' id='word_1_149' title='bbox 1659 798 1700 830; x_wconf 91' lang='lat' dir='ltr'>de</span> <span class='ocrx_word' id='word_1_150' title='bbox 1717 798 1898 830; x_wconf 88' lang='lat' dir='ltr'>Cruzelino</span> <span class='ocrx_word' id='word_1_151' title='bbox 1916 799 2012 829; x_wconf 86' lang='lat' dir='ltr'>extra</span> <span class='ocrx_word' id='word_1_152' title='bbox 2030 807 2148 830; x_wconf 89' lang='lat' dir='ltr'>muros</span> <span class='ocrx_word' id='word_1_153' title='bbox 2161 799 2406 838; x_wconf 59' lang='lat' dir='ltr'>constantien„</span> 
     </span>
     <span class='ocr_line' id='line_1_34' title="bbox 804 850 2409 892; baseline 0.001 -10"><span class='ocrx_word' id='word_1_154' title='bbox 804 851 836 882; x_wconf 90' lang='lat' dir='ltr'>et</span> <span class='ocrx_word' id='word_1_155' title='bbox 853 851 886 882; x_wconf 88' lang='lat' dir='ltr'>in</span> <span class='ocrx_word' id='word_1_156' title='bbox 908 851 1108 891; x_wconf 85' lang='lat' dir='ltr'>Oeningen.,</span> <span class='ocrx_word' id='word_1_157' title='bbox 1131 858 1191 890; x_wconf 81' lang='lat' dir='ltr'>per</span> <span class='ocrx_word' id='word_1_158' title='bbox 1208 859 1312 890; x_wconf 83' lang='lat' dir='ltr'>praep.</span> <span class='ocrx_word' id='word_1_159' title='bbox 1332 850 1427 882; x_wconf 85' lang='lat' dir='ltr'>soliti</span> <span class='ocrx_word' id='word_1_160' title='bbox 1448 850 1540 891; x_wconf 73' lang='lat' dir='ltr'>gub.¹</span> <span class='ocrx_word' id='word_1_161' title='bbox 1565 852 1725 890; x_wconf 59' lang='lat' dir='ltr'>monast„</span> <span class='ocrx_word' id='word_1_162' title='bbox 1743 860 1780 883; x_wconf 90' lang='lat' dir='ltr'>ac</span> <span class='ocrx_word' id='word_1_163' title='bbox 1797 851 1876 883; x_wconf 87' lang='lat' dir='ltr'>eccl.</span> <span class='ocrx_word' id='word_1_164' title='bbox 1894 851 2090 883; x_wconf 86' lang='lat' dir='ltr'>Zurziacen.</span> <span class='ocrx_word' id='word_1_165' title='bbox 2106 860 2224 892; x_wconf 89' lang='lat' dir='ltr'>praep.,</span> <span class='ocrx_word' id='word_1_166' title='bbox 2245 852 2409 884; x_wconf 80' lang='lat' dir='ltr'>Constan-</span> 
     </span>
     <span class='ocr_line' id='line_1_35' title="bbox 803 903 1561 944; baseline -0.003 -8"><span class='ocrx_word' id='word_1_167' title='bbox 803 905 886 936; x_wconf 85' lang='lat' dir='ltr'>tien.</span> <span class='ocrx_word' id='word_1_168' title='bbox 905 905 949 935; x_wconf 90' lang='lat' dir='ltr'>di.</span> <span class='ocrx_word' id='word_1_169' title='bbox 968 904 1020 943; x_wconf 93' lang='lat' dir='ltr'>(A.</span> <span class='ocrx_word' id='word_1_170' title='bbox 1035 905 1085 941; x_wconf 85' lang='lat'>20,</span> <span class='ocrx_word' id='word_1_171' title='bbox 1105 903 1127 934; x_wconf 83' lang='lat' dir='ltr'>f.</span> <span class='ocrx_word' id='word_1_172' title='bbox 1144 905 1204 935; x_wconf 86' lang='grc'>520</span> <span class='ocrx_word' id='word_1_173' title='bbox 1218 909 1249 939; x_wconf 79' lang='lat'>³;</span> <span class='ocrx_word' id='word_1_174' title='bbox 1270 903 1306 935; x_wconf 88' lang='lat' dir='ltr'>V.</span> <span class='ocrx_word' id='word_1_175' title='bbox 1321 906 1373 939; x_wconf 86' lang='grc'>77,</span> <span class='ocrx_word' id='word_1_176' title='bbox 1387 913 1440 944; x_wconf 91' lang='lat' dir='ltr'>ep.</span> <span class='ocrx_word' id='word_1_177' title='bbox 1458 905 1561 944; x_wconf 82' lang='grc'><strong>1056.)</strong></span> 
     </span>
    </p>

    <p class='ocr_par' dir='ltr' id='par_1_19' title="bbox 802 955 2409 1267">
     <span class='ocr_line' id='line_1_36' title="bbox 851 955 2408 998; baseline 0.002 -11"><span class='ocrx_word' id='word_1_178' title='bbox 851 955 985 987; x_wconf 82' lang='grc'><strong>19391.</strong></span> <span class='ocrx_word' id='word_1_179' title='bbox 1006 975 1043 980; x_wconf 85' lang='grc'><strong>-</strong></span> <span class='ocrx_word' id='word_1_180' title='bbox 1057 957 1185 988; x_wconf 82' lang='lat' dir='ltr'>Alberto</span> <span class='ocrx_word' id='word_1_181' title='bbox 1206 956 1243 987; x_wconf 86' lang='lat' dir='ltr'>de</span> <span class='ocrx_word' id='word_1_182' title='bbox 1259 956 1442 987; x_wconf 84' lang='lat' dir='ltr'>Mancasolis</span> <span class='ocrx_word' id='word_1_183' title='bbox 1462 965 1556 997; x_wconf 90' lang='lat' dir='ltr'>prov.</span> <span class='ocrx_word' id='word_1_184' title='bbox 1573 966 1692 989; x_wconf 88' lang='lat' dir='ltr'>canon.</span> <span class='ocrx_word' id='word_1_185' title='bbox 1709 958 1790 989; x_wconf 88' lang='grc'><strong>0001.</strong></span> <span class='ocrx_word' id='word_1_186' title='bbox 1808 958 1999 989; x_wconf 79' lang='lat' dir='ltr'>placentin.</span> <span class='ocrx_word' id='word_1_187' title='bbox 2018 957 2081 989; x_wconf 89' lang='lat' dir='ltr'>sub</span> <span class='ocrx_word' id='word_1_188' title='bbox 2095 966 2192 998; x_wconf 87' lang='lat' dir='ltr'>exsp.</span> <span class='ocrx_word' id='word_1_189' title='bbox 2208 958 2325 998; x_wconf 86' lang='lat' dir='ltr'>praeb.,</span> <span class='ocrx_word' id='word_1_190' title='bbox 2341 967 2408 991; x_wconf 88' lang='lat' dir='ltr'>non</span> 
     </span>
     <span class='ocr_line' id='line_1_37' title="bbox 804 1010 2408 1050; baseline 0.001 -7"><span class='ocrx_word' id='word_1_191' title='bbox 804 1011 890 1043; x_wconf 84' lang='lat' dir='ltr'>obst.</span> <span class='ocrx_word' id='word_1_192' title='bbox 909 1011 944 1042; x_wconf 91' lang='lat' dir='ltr'>in</span> <span class='ocrx_word' id='word_1_193' title='bbox 963 1011 1081 1042; x_wconf 87' lang='lat' dir='ltr'>eadem</span> <span class='ocrx_word' id='word_1_194' title='bbox 1105 1010 1328 1050; x_wconf 75' lang='lat' dir='ltr'>praepositura</span> <span class='ocrx_word' id='word_1_195' title='bbox 1346 1019 1374 1042; x_wconf 90' lang='grc'>0.</span> <span class='ocrx_word' id='word_1_196' title='bbox 1397 1020 1439 1048; x_wconf 92' lang='grc'>0.,</span> <span class='ocrx_word' id='word_1_197' title='bbox 1459 1020 1496 1042; x_wconf 86' lang='grc'>00</span> <span class='ocrx_word' id='word_1_198' title='bbox 1514 1020 1541 1042; x_wconf 87' lang='lat' dir='ltr'>s.</span> <span class='ocrx_word' id='word_1_199' title='bbox 1564 1011 1704 1042; x_wconf 83' lang='lat' dir='ltr'>Antonii</span> <span class='ocrx_word' id='word_1_200' title='bbox 1729 1011 1930 1049; x_wconf 63' lang='lat' dir='ltr'>placentin„</span> <span class='ocrx_word' id='word_1_201' title='bbox 1957 1013 1989 1043; x_wconf 86' lang='lat' dir='ltr'>et</span> <span class='ocrx_word' id='word_1_202' title='bbox 2009 1020 2036 1042; x_wconf 87' lang='lat' dir='ltr'>s.</span> <span class='ocrx_word' id='word_1_203' title='bbox 2057 1012 2200 1043; x_wconf 85' lang='lat' dir='ltr'>Joannis</span> <span class='ocrx_word' id='word_1_204' title='bbox 2219 1012 2260 1044; x_wconf 89' lang='lat' dir='ltr'>de</span> <span class='ocrx_word' id='word_1_205' title='bbox 2285 1012 2408 1045; x_wconf 85' lang='lat' dir='ltr'>Viculo</span> 
     </span>
     <span class='ocr_line' id='line_1_38' title="bbox 802 1061 2406 1104; baseline 0.001 -7"><span class='ocrx_word' id='word_1_206' title='bbox 802 1065 1048 1102; x_wconf 85' lang='lat' dir='ltr'>Marohionum,</span> <span class='ocrx_word' id='word_1_207' title='bbox 1065 1064 1254 1095; x_wconf 88' lang='lat' dir='ltr'>Placentin.</span> <span class='ocrx_word' id='word_1_208' title='bbox 1279 1064 1336 1102; x_wconf 86' lang='lat' dir='ltr'>di.,</span> <span class='ocrx_word' id='word_1_209' title='bbox 1351 1073 1471 1095; x_wconf 85' lang='lat' dir='ltr'>canon.</span> <span class='ocrx_word' id='word_1_210' title='bbox 1495 1066 1528 1096; x_wconf 81' lang='lat' dir='ltr'>et</span> <span class='ocrx_word' id='word_1_211' title='bbox 1543 1064 1660 1104; x_wconf 64' lang='lat' dir='ltr'>praeli..</span> <span class='ocrx_word' id='word_1_212' title='bbox 1677 1074 1714 1096; x_wconf 87' lang='lat' dir='ltr'>ac</span> <span class='ocrx_word' id='word_1_213' title='bbox 1738 1065 1772 1096; x_wconf 77' lang='lat' dir='ltr'>In</span> <span class='ocrx_word' id='word_1_214' title='bbox 1796 1073 1823 1096; x_wconf 91' lang='lat' dir='ltr'>s.</span> <span class='ocrx_word' id='word_1_215' title='bbox 1839 1065 1983 1096; x_wconf 84' lang='lat' dir='ltr'>Joannis</span> <span class='ocrx_word' id='word_1_216' title='bbox 2007 1061 2166 1097; x_wconf 81' lang='lat' dir='ltr'>Leodien&#39;.</span> <span class='ocrx_word' id='word_1_217' title='bbox 2189 1066 2270 1097; x_wconf 88' lang='grc'><strong>0001.</strong></span> <span class='ocrx_word' id='word_1_218' title='bbox 2287 1074 2406 1098; x_wconf 84' lang='lat' dir='ltr'>canon.</span> 
     </span>
     <span class='ocr_line' id='line_1_39' title="bbox 802 1117 2409 1159; baseline 0.001 -9"><span class='ocrx_word' id='word_1_219' title='bbox 802 1119 865 1150; x_wconf 84' lang='lat' dir='ltr'>sub</span> <span class='ocrx_word' id='word_1_220' title='bbox 883 1128 979 1159; x_wconf 84' lang='lat' dir='ltr'>exsp.</span> <span class='ocrx_word' id='word_1_221' title='bbox 997 1117 1101 1158; x_wconf 88' lang='lat' dir='ltr'>praeb.</span> <span class='ocrx_word' id='word_1_222' title='bbox 1116 1136 1155 1141; x_wconf 97' lang='lat'>—</span> <span class='ocrx_word' id='word_1_223' title='bbox 1173 1118 1202 1149; x_wconf 96' lang='grc' dir='ltr'>Ι.</span> <span class='ocrx_word' id='word_1_224' title='bbox 1217 1127 1247 1149; x_wconf 90' lang='grc'>0.</span> <span class='ocrx_word' id='word_1_225' title='bbox 1264 1127 1309 1149; x_wconf 88' lang='lat' dir='ltr'>m.</span> <span class='ocrx_word' id='word_1_226' title='bbox 1326 1126 1354 1149; x_wconf 88' lang='lat' dir='ltr'>s.</span> <span class='ocrx_word' id='word_1_227' title='bbox 1377 1118 1538 1158; x_wconf 84' lang='lat' dir='ltr'><strong>Stephani</strong></span> <span class='ocrx_word' id='word_1_228' title='bbox 1564 1119 1722 1155; x_wconf 84' lang='lat' dir='ltr'>Januen.,</span> <span class='ocrx_word' id='word_1_229' title='bbox 1743 1120 1775 1150; x_wconf 89' lang='lat' dir='ltr'>et</span> <span class='ocrx_word' id='word_1_230' title='bbox 1797 1119 1837 1150; x_wconf 91' lang='lat' dir='ltr'>de</span> <span class='ocrx_word' id='word_1_231' title='bbox 1855 1118 2034 1156; x_wconf 85' lang='lat' dir='ltr'>Columba,</span> <span class='ocrx_word' id='word_1_232' title='bbox 2050 1119 2240 1150; x_wconf 82' lang='lat' dir='ltr'>Placentin.</span> <span class='ocrx_word' id='word_1_233' title='bbox 2257 1119 2317 1158; x_wconf 90' lang='lat' dir='ltr'>di.,</span> <span class='ocrx_word' id='word_1_234' title='bbox 2334 1128 2409 1152; x_wconf 90' lang='lat' dir='ltr'>mo-</span> 
     </span>
     <span class='ocr_line' id='line_1_40' title="bbox 802 1172 2407 1213; baseline 0.001 -9"><span class='ocrx_word' id='word_1_235' title='bbox 802 1174 889 1205; x_wconf 82' lang='lat' dir='ltr'>nast.</span> <span class='ocrx_word' id='word_1_236' title='bbox 918 1172 1006 1209; x_wconf 63' lang='lat' dir='ltr'>abb„</span> <span class='ocrx_word' id='word_1_237' title='bbox 1033 1181 1071 1203; x_wconf 85' lang='grc'>00</span> <span class='ocrx_word' id='word_1_238' title='bbox 1098 1180 1201 1211; x_wconf 77' lang='lat' dir='ltr'>praep.</span> <span class='ocrx_word' id='word_1_239' title='bbox 1230 1172 1310 1203; x_wconf 89' lang='grc'><strong>0001.</strong></span> <span class='ocrx_word' id='word_1_240' title='bbox 1332 1181 1360 1203; x_wconf 88' lang='lat' dir='ltr'>s.</span> <span class='ocrx_word' id='word_1_241' title='bbox 1383 1172 1526 1203; x_wconf 85' lang='lat' dir='ltr'>Joannis</span> <span class='ocrx_word' id='word_1_242' title='bbox 1557 1172 1598 1203; x_wconf 89' lang='lat' dir='ltr'>de</span> <span class='ocrx_word' id='word_1_243' title='bbox 1625 1172 1735 1204; x_wconf 91' lang='lat' dir='ltr'>Domo</span> <span class='ocrx_word' id='word_1_244' title='bbox 1766 1172 1953 1204; x_wconf 85' lang='lat' dir='ltr'>Placentin.</span> <span class='ocrx_word' id='word_1_245' title='bbox 1982 1173 2036 1213; x_wconf 89' lang='lat' dir='ltr'>(A.</span> <span class='ocrx_word' id='word_1_246' title='bbox 2056 1174 2107 1210; x_wconf 88' lang='grc'>20,</span> <span class='ocrx_word' id='word_1_247' title='bbox 2133 1172 2156 1204; x_wconf 86' lang='lat' dir='ltr'>f.</span> <span class='ocrx_word' id='word_1_248' title='bbox 2175 1173 2278 1210; x_wconf 74' lang='lat' dir='ltr'>541b3</span> <span class='ocrx_word' id='word_1_249' title='bbox 2303 1173 2338 1205; x_wconf 89' lang='lat' dir='ltr'>V.</span> <span class='ocrx_word' id='word_1_250' title='bbox 2356 1175 2407 1211; x_wconf 91' lang='grc'>77,</span> 
     </span>
     <span class='ocr_line' id='line_1_41' title="bbox 802 1226 976 1267; baseline -0.006 -9"><span class='ocrx_word' id='word_1_251' title='bbox 802 1226 976 1267; x_wconf 76' lang='lat' dir='ltr'>ep.1262.)</span> 
     </span>
    </p>

    <p class='ocr_par' dir='ltr' id='par_1_20' title="bbox 802 1277 2409 1586">
     <span class='ocr_line' id='line_1_42' title="bbox 849 1277 2409 1320; baseline 0.001 -10"><span class='ocrx_word' id='word_1_252' title='bbox 849 1277 983 1310; x_wconf 74' lang='lat'>19395.</span> <span class='ocrx_word' id='word_1_253' title='bbox 1002 1298 1040 1302; x_wconf 97' lang='lat'><strong>—</strong></span> <span class='ocrx_word' id='word_1_254' title='bbox 1061 1278 1206 1309; x_wconf 76' lang='lat' dir='ltr'>Uber-lino</span> <span class='ocrx_word' id='word_1_255' title='bbox 1229 1283 1302 1308; x_wconf 80' lang='lat' dir='ltr'>nato</span> <span class='ocrx_word' id='word_1_256' title='bbox 1320 1278 1433 1319; x_wconf 83' lang='lat' dir='ltr'>quond.</span> <span class='ocrx_word' id='word_1_257' title='bbox 1456 1278 1583 1310; x_wconf 82' lang='lat' dir='ltr'>Girardi</span> <span class='ocrx_word' id='word_1_258' title='bbox 1606 1279 1643 1309; x_wconf 88' lang='lat' dir='ltr'>de</span> <span class='ocrx_word' id='word_1_259' title='bbox 1662 1278 1791 1309; x_wconf 82' lang='lat' dir='ltr'>Bosellis</span> <span class='ocrx_word' id='word_1_260' title='bbox 1806 1288 1902 1319; x_wconf 87' lang='lat' dir='ltr'>prov.</span> <span class='ocrx_word' id='word_1_261' title='bbox 1919 1288 2037 1311; x_wconf 86' lang='lat' dir='ltr'>canon.</span> <span class='ocrx_word' id='word_1_262' title='bbox 2056 1279 2120 1310; x_wconf 90' lang='lat' dir='ltr'>sub</span> <span class='ocrx_word' id='word_1_263' title='bbox 2142 1288 2238 1320; x_wconf 85' lang='lat' dir='ltr'>exsp.</span> <span class='ocrx_word' id='word_1_264' title='bbox 2253 1279 2358 1320; x_wconf 86' lang='lat' dir='ltr'>praeb.</span> <span class='ocrx_word' id='word_1_265' title='bbox 2375 1282 2409 1312; x_wconf 81' lang='lat' dir='ltr'>et</span> 
     </span>
     <span class='ocr_line' id='line_1_43' title="bbox 803 1332 2407 1374; baseline -0.001 -8"><span class='ocrx_word' id='word_1_266' title='bbox 803 1335 894 1374; x_wconf 86' lang='lat' dir='ltr'>dign.</span> <span class='ocrx_word' id='word_1_267' title='bbox 914 1333 1026 1373; x_wconf 85' lang='lat' dir='ltr'>plebis</span> <span class='ocrx_word' id='word_1_268' title='bbox 1048 1333 1089 1363; x_wconf 92' lang='lat' dir='ltr'>de</span> <span class='ocrx_word' id='word_1_269' title='bbox 1110 1334 1220 1363; x_wconf 79' lang='lat' dir='ltr'>castro</span> <span class='ocrx_word' id='word_1_270' title='bbox 1244 1341 1271 1363; x_wconf 77' lang='lat' dir='ltr'>s,</span> <span class='ocrx_word' id='word_1_271' title='bbox 1298 1332 1658 1369; x_wconf 66' lang='grc' dir='ltr'>ι10011018,Ρ10000110.</span> <span class='ocrx_word' id='word_1_272' title='bbox 1676 1333 1742 1369; x_wconf 82' lang='lat' dir='ltr'>di.;</span> <span class='ocrx_word' id='word_1_273' title='bbox 1767 1341 1833 1363; x_wconf 92' lang='lat' dir='ltr'>non</span> <span class='ocrx_word' id='word_1_274' title='bbox 1849 1332 1937 1364; x_wconf 84' lang='lat' dir='ltr'>obst.</span> <span class='ocrx_word' id='word_1_275' title='bbox 1954 1333 1989 1363; x_wconf 93' lang='lat' dir='ltr'>in</span> <span class='ocrx_word' id='word_1_276' title='bbox 2011 1332 2091 1364; x_wconf 88' lang='lat' dir='ltr'>eccl.</span> <span class='ocrx_word' id='word_1_277' title='bbox 2117 1333 2307 1365; x_wconf 80' lang='lat' dir='ltr'>Placentin:</span> <span class='ocrx_word' id='word_1_278' title='bbox 2325 1342 2407 1374; x_wconf 82' lang='lat' dir='ltr'>quo-</span> 
     </span>
     <span class='ocr_line' id='line_1_44' title="bbox 802 1385 2409 1427; baseline 0 -8"><span class='ocrx_word' id='word_1_279' title='bbox 802 1389 879 1419; x_wconf 85' lang='lat' dir='ltr'>dam</span> <span class='ocrx_word' id='word_1_280' title='bbox 895 1387 1005 1418; x_wconf 84' lang='lat' dir='ltr'>benef.</span> <span class='ocrx_word' id='word_1_281' title='bbox 1020 1387 1051 1427; x_wconf 88' lang='lat'>(8</span> <span class='ocrx_word' id='word_1_282' title='bbox 1062 1386 1133 1417; x_wconf 84' lang='lat' dir='ltr'>ssor.</span> <span class='ocrx_word' id='word_1_283' title='bbox 1150 1386 1249 1424; x_wconf 85' lang='lat' dir='ltr'>auri),</span> <span class='ocrx_word' id='word_1_284' title='bbox 1266 1385 1498 1425; x_wconf 79' lang='lat' dir='ltr'>praebendaria</span> <span class='ocrx_word' id='word_1_285' title='bbox 1511 1387 1716 1425; x_wconf 83' lang='lat' dir='ltr'>nuncupato,</span> <span class='ocrx_word' id='word_1_286' title='bbox 1732 1387 1765 1417; x_wconf 86' lang='lat' dir='ltr'>et</span> <span class='ocrx_word' id='word_1_287' title='bbox 1780 1386 1814 1416; x_wconf 91' lang='lat' dir='ltr'>in</span> <span class='ocrx_word' id='word_1_288' title='bbox 1831 1386 1912 1417; x_wconf 90' lang='grc'><strong>0001.</strong></span> <span class='ocrx_word' id='word_1_289' title='bbox 1926 1395 1954 1417; x_wconf 84' lang='lat' dir='ltr'>s.</span> <span class='ocrx_word' id='word_1_290' title='bbox 1966 1386 2060 1417; x_wconf 88' lang='lat' dir='ltr'>Petri</span> <span class='ocrx_word' id='word_1_291' title='bbox 2072 1386 2112 1418; x_wconf 87' lang='lat' dir='ltr'>de</span> <span class='ocrx_word' id='word_1_292' title='bbox 2122 1386 2294 1424; x_wconf 87' lang='lat' dir='ltr'>Duliaria‚</span> <span class='ocrx_word' id='word_1_293' title='bbox 2310 1387 2409 1419; x_wconf 77' lang='lat' dir='ltr'>dictae</span> 
     </span>
     <span class='ocr_line' id='line_1_45' title="bbox 803 1438 2407 1479; baseline -0.001 -7"><span class='ocrx_word' id='word_1_294' title='bbox 803 1442 862 1478; x_wconf 87' lang='lat' dir='ltr'>di.,</span> <span class='ocrx_word' id='word_1_295' title='bbox 881 1450 998 1472; x_wconf 89' lang='lat' dir='ltr'>canon.</span> <span class='ocrx_word' id='word_1_296' title='bbox 1024 1439 1088 1470; x_wconf 89' lang='lat' dir='ltr'>sub</span> <span class='ocrx_word' id='word_1_297' title='bbox 1107 1448 1203 1478; x_wconf 85' lang='lat' dir='ltr'>exsp.</span> <span class='ocrx_word' id='word_1_298' title='bbox 1220 1438 1324 1478; x_wconf 84' lang='lat' dir='ltr'>praeb.</span> <span class='ocrx_word' id='word_1_299' title='bbox 1344 1438 1411 1478; x_wconf 88' lang='lat' dir='ltr'>ipsi</span> <span class='ocrx_word' id='word_1_300' title='bbox 1437 1440 1525 1469; x_wconf 85' lang='lat' dir='ltr'>auct.</span> <span class='ocrx_word' id='word_1_301' title='bbox 1549 1439 1614 1470; x_wconf 83' lang='lat' dir='ltr'>litt.</span> <span class='ocrx_word' id='word_1_302' title='bbox 1631 1439 1811 1470; x_wconf 83' lang='lat' dir='ltr'>Bertrandi</span> <span class='ocrx_word' id='word_1_303' title='bbox 1833 1448 1861 1470; x_wconf 84' lang='lat' dir='ltr'>S.</span> <span class='ocrx_word' id='word_1_304' title='bbox 1878 1439 2032 1470; x_wconf 83' lang='lat' dir='ltr'>Marcelli</span> <span class='ocrx_word' id='word_1_305' title='bbox 2053 1439 2167 1479; x_wconf 86' lang='lat' dir='ltr'>presb.</span> <span class='ocrx_word' id='word_1_306' title='bbox 2195 1440 2299 1478; x_wconf 68' lang='lat' dir='ltr'>card„</span> <span class='ocrx_word' id='word_1_307' title='bbox 2314 1442 2356 1472; x_wconf 87' lang='lat' dir='ltr'>A.</span> <span class='ocrx_word' id='word_1_308' title='bbox 2371 1440 2407 1473; x_wconf 87' lang='lat' dir='ltr'>S.</span> 
     </span>
     <span class='ocr_line' id='line_1_46' title="bbox 802 1491 2408 1535; baseline -0.001 -9"><span class='ocrx_word' id='word_1_309' title='bbox 802 1495 917 1535; x_wconf 82' lang='lat' dir='ltr'>legati,</span> <span class='ocrx_word' id='word_1_310' title='bbox 941 1494 1075 1525; x_wconf 84' lang='lat' dir='ltr'>collato.</span> <span class='ocrx_word' id='word_1_311' title='bbox 1096 1510 1130 1515; x_wconf 88' lang='lat'><em>-</em></span> <span class='ocrx_word' id='word_1_312' title='bbox 1148 1493 1175 1523; x_wconf 96' lang='lat' dir='ltr'>I.</span> <span class='ocrx_word' id='word_1_313' title='bbox 1194 1501 1223 1523; x_wconf 93' lang='lat' dir='ltr'>e.</span> <span class='ocrx_word' id='word_1_314' title='bbox 1242 1501 1286 1522; x_wconf 90' lang='lat' dir='ltr'>m.</span> <span class='ocrx_word' id='word_1_315' title='bbox 1304 1501 1408 1532; x_wconf 84' lang='lat' dir='ltr'>praep.</span> <span class='ocrx_word' id='word_1_316' title='bbox 1434 1491 1638 1527; x_wconf 79' lang='lat' dir='ltr'>Placentia..</span> <span class='ocrx_word' id='word_1_317' title='bbox 1657 1494 1690 1523; x_wconf 92' lang='lat' dir='ltr'>et</span> <span class='ocrx_word' id='word_1_318' title='bbox 1713 1493 1895 1523; x_wconf 85' lang='lat' dir='ltr'>Francisco</span> <span class='ocrx_word' id='word_1_319' title='bbox 1921 1493 1961 1523; x_wconf 90' lang='lat' dir='ltr'>de</span> <span class='ocrx_word' id='word_1_320' title='bbox 1986 1493 2203 1530; x_wconf 85' lang='lat' dir='ltr'>Mancasolis,</span> <span class='ocrx_word' id='word_1_321' title='bbox 2226 1493 2350 1534; x_wconf 64' lang='lat' dir='ltr'>ejusd„</span> <span class='ocrx_word' id='word_1_322' title='bbox 2370 1502 2408 1526; x_wconf 82' lang='grc'>00</span> 
     </span>
     <span class='ocr_line' id='line_1_47' title="bbox 802 1545 2138 1586; baseline -0.004 -6"><span class='ocrx_word' id='word_1_323' title='bbox 802 1548 927 1580; x_wconf 90' lang='lat' dir='ltr'>Bosolo</span> <span class='ocrx_word' id='word_1_324' title='bbox 942 1548 981 1578; x_wconf 90' lang='lat' dir='ltr'>de</span> <span class='ocrx_word' id='word_1_325' title='bbox 997 1547 1131 1582; x_wconf 83' lang='lat' dir='ltr'>Parma,</span> <span class='ocrx_word' id='word_1_326' title='bbox 1150 1546 1335 1576; x_wconf 85' lang='lat' dir='ltr'>Tornacen.</span> <span class='ocrx_word' id='word_1_327' title='bbox 1353 1554 1426 1576; x_wconf 85' lang='lat' dir='ltr'>can.</span> <span class='ocrx_word' id='word_1_328' title='bbox 1443 1545 1523 1577; x_wconf 91' lang='grc'><strong>0001.</strong></span> <span class='ocrx_word' id='word_1_329' title='bbox 1538 1545 1593 1586; x_wconf 88' lang='lat' dir='ltr'>(A.</span> <span class='ocrx_word' id='word_1_330' title='bbox 1610 1547 1661 1582; x_wconf 82' lang='lat'>21,</span> <span class='ocrx_word' id='word_1_331' title='bbox 1677 1546 1700 1577; x_wconf 87' lang='lat' dir='ltr'>f.</span> <span class='ocrx_word' id='word_1_332' title='bbox 1717 1547 1774 1577; x_wconf 84' lang='lat'>129</span> <span class='ocrx_word' id='word_1_333' title='bbox 1789 1551 1818 1583; x_wconf 72' lang='lat'>⁸3</span> <span class='ocrx_word' id='word_1_334' title='bbox 1840 1546 1876 1577; x_wconf 89' lang='lat' dir='ltr'>V.</span> <span class='ocrx_word' id='word_1_335' title='bbox 1895 1547 1946 1583; x_wconf 86' lang='lat'>77,</span> <span class='ocrx_word' id='word_1_336' title='bbox 1962 1554 2014 1585; x_wconf 92' lang='lat' dir='ltr'>ep.</span> <span class='ocrx_word' id='word_1_337' title='bbox 2035 1547 2138 1584; x_wconf 73' lang='grc'><strong>1494.)</strong></span> 
     </span>
    </p>

    <p class='ocr_par' dir='ltr' id='par_1_21' title="bbox 802 1598 2408 1746">
     <span class='ocr_line' id='line_1_48' title="bbox 850 1598 2406 1640; baseline 0.001 -10"><span class='ocrx_word' id='word_1_338' title='bbox 850 1598 984 1630; x_wconf 78' lang='grc'><strong>19396.</strong></span> <span class='ocrx_word' id='word_1_339' title='bbox 1002 1619 1039 1623; x_wconf 94' lang='grc'>-</span> <span class='ocrx_word' id='word_1_340' title='bbox 1055 1599 1247 1640; x_wconf 80' lang='lat' dir='ltr'>Philippono</span> <span class='ocrx_word' id='word_1_341' title='bbox 1262 1604 1334 1629; x_wconf 83' lang='grc' dir='ltr'><em>ηαιο</em></span> <span class='ocrx_word' id='word_1_342' title='bbox 1360 1598 1465 1630; x_wconf 78' lang='lat' dir='ltr'>Uberti</span> <span class='ocrx_word' id='word_1_343' title='bbox 1489 1598 1525 1629; x_wconf 85' lang='lat' dir='ltr'>de</span> <span class='ocrx_word' id='word_1_344' title='bbox 1549 1599 1725 1639; x_wconf 69' lang='lat' dir='ltr'>Rustiqasio</span> <span class='ocrx_word' id='word_1_345' title='bbox 1744 1608 1839 1639; x_wconf 89' lang='lat' dir='ltr'>prov.</span> <span class='ocrx_word' id='word_1_346' title='bbox 1856 1607 1975 1630; x_wconf 87' lang='lat' dir='ltr'>canon.</span> <span class='ocrx_word' id='word_1_347' title='bbox 2001 1598 2065 1630; x_wconf 88' lang='lat' dir='ltr'>sub</span> <span class='ocrx_word' id='word_1_348' title='bbox 2081 1607 2177 1639; x_wconf 83' lang='lat' dir='ltr'>exsp.</span> <span class='ocrx_word' id='word_1_349' title='bbox 2204 1599 2308 1639; x_wconf 82' lang='lat' dir='ltr'>praeb.</span> <span class='ocrx_word' id='word_1_350' title='bbox 2325 1600 2406 1633; x_wconf 87' lang='grc'><strong>0001.</strong></span> 
     </span>
     <span class='ocr_line' id='line_1_49' title="bbox 802 1643 2408 1692; baseline -0.001 -5"><span class='ocrx_word' id='word_1_351' title='bbox 802 1654 993 1687; x_wconf 81' lang='lat' dir='ltr'>Vercellen.</span> <span class='ocrx_word' id='word_1_352' title='bbox 1012 1671 1050 1676; x_wconf 99' lang='lat'>—</span> <span class='ocrx_word' id='word_1_353' title='bbox 1074 1653 1101 1685; x_wconf 90' lang='grc' dir='ltr'>Ι.</span> <span class='ocrx_word' id='word_1_354' title='bbox 1126 1662 1155 1684; x_wconf 88' lang='lat' dir='ltr'>e.</span> <span class='ocrx_word' id='word_1_355' title='bbox 1176 1661 1220 1683; x_wconf 88' lang='lat' dir='ltr'>m.</span> <span class='ocrx_word' id='word_1_356' title='bbox 1249 1652 1325 1683; x_wconf 90' lang='lat' dir='ltr'>abb.</span> <span class='ocrx_word' id='word_1_357' title='bbox 1350 1653 1495 1683; x_wconf 85' lang='lat' dir='ltr'>monast.</span> <span class='ocrx_word' id='word_1_358' title='bbox 1522 1643 1551 1683; x_wconf 81' lang='lat' dir='ltr'>s.</span> <span class='ocrx_word' id='word_1_359' title='bbox 1568 1653 1736 1692; x_wconf 88' lang='lat' dir='ltr'>Sepulcri,</span> <span class='ocrx_word' id='word_1_360' title='bbox 1755 1653 1787 1684; x_wconf 86' lang='lat' dir='ltr'>et</span> <span class='ocrx_word' id='word_1_361' title='bbox 1813 1661 1917 1692; x_wconf 82' lang='lat' dir='ltr'>praep.</span> <span class='ocrx_word' id='word_1_362' title='bbox 1937 1652 2139 1688; x_wconf 68' lang='lat' dir='ltr'>Placentin„</span> <span class='ocrx_word' id='word_1_363' title='bbox 2161 1662 2199 1684; x_wconf 84' lang='lat' dir='ltr'>ac</span> <span class='ocrx_word' id='word_1_364' title='bbox 2221 1653 2349 1685; x_wconf 88' lang='lat' dir='ltr'>archid.</span> <span class='ocrx_word' id='word_1_365' title='bbox 2367 1653 2408 1686; x_wconf 88' lang='lat' dir='ltr'>de</span> 
     </span>
     <span class='ocr_line' id='line_1_50' title="bbox 802 1706 1840 1746; baseline -0.003 -6"><span class='ocrx_word' id='word_1_366' title='bbox 802 1709 938 1740; x_wconf 89' lang='lat' dir='ltr'>Ardena</span> <span class='ocrx_word' id='word_1_367' title='bbox 955 1707 1116 1739; x_wconf 89' lang='lat' dir='ltr'>Leodien.</span> <span class='ocrx_word' id='word_1_368' title='bbox 1130 1706 1210 1737; x_wconf 90' lang='grc'><strong>0001.</strong></span> <span class='ocrx_word' id='word_1_369' title='bbox 1226 1707 1279 1746; x_wconf 89' lang='lat' dir='ltr'>(A.</span> <span class='ocrx_word' id='word_1_370' title='bbox 1299 1707 1350 1742; x_wconf 82' lang='lat'>21,</span> <span class='ocrx_word' id='word_1_371' title='bbox 1363 1706 1386 1736; x_wconf 83' lang='lat' dir='ltr'>f.</span> <span class='ocrx_word' id='word_1_372' title='bbox 1406 1707 1461 1737; x_wconf 85' lang='lat'>351</span> <span class='ocrx_word' id='word_1_373' title='bbox 1480 1711 1512 1742; x_wconf 57' lang='grc' dir='ltr'><strong>ὃ,</strong></span> <span class='ocrx_word' id='word_1_374' title='bbox 1535 1706 1571 1737; x_wconf 90' lang='lat' dir='ltr'>V.</span> <span class='ocrx_word' id='word_1_375' title='bbox 1590 1708 1641 1743; x_wconf 92' lang='grc'>77,</span> <span class='ocrx_word' id='word_1_376' title='bbox 1660 1715 1711 1746; x_wconf 89' lang='lat' dir='ltr'>ep.</span> <span class='ocrx_word' id='word_1_377' title='bbox 1734 1706 1840 1746; x_wconf 75' lang='grc'><strong>1843.)</strong></span> 
     </span>
    </p>

    <p class='ocr_par' dir='ltr' id='par_1_22' title="bbox 802 1758 2408 1906">
     <span class='ocr_line' id='line_1_51' title="bbox 849 1758 2407 1800; baseline 0.001 -9"><span class='ocrx_word' id='word_1_378' title='bbox 849 1758 983 1791; x_wconf 88' lang='grc'><strong>19397.</strong></span> <span class='ocrx_word' id='word_1_379' title='bbox 1002 1777 1040 1782; x_wconf 94' lang='grc'><strong>-</strong></span> <span class='ocrx_word' id='word_1_380' title='bbox 1058 1759 1225 1790; x_wconf 80' lang='lat' dir='ltr'>Passarino</span> <span class='ocrx_word' id='word_1_381' title='bbox 1238 1764 1310 1789; x_wconf 81' lang='lat' dir='ltr'>nalo</span> <span class='ocrx_word' id='word_1_382' title='bbox 1325 1758 1496 1790; x_wconf 83' lang='lat' dir='ltr'>Albertacii</span> <span class='ocrx_word' id='word_1_383' title='bbox 1512 1759 1548 1790; x_wconf 84' lang='lat' dir='ltr'>de</span> <span class='ocrx_word' id='word_1_384' title='bbox 1569 1759 1772 1791; x_wconf 81' lang='lat' dir='ltr'>Vicedomz&#39;nis</span> <span class='ocrx_word' id='word_1_385' title='bbox 1787 1759 1859 1790; x_wconf 90' lang='lat' dir='ltr'>mil.</span> <span class='ocrx_word' id='word_1_386' title='bbox 1875 1768 1970 1799; x_wconf 91' lang='lat' dir='ltr'>prov.</span> <span class='ocrx_word' id='word_1_387' title='bbox 1985 1768 2104 1791; x_wconf 84' lang='lat' dir='ltr'>canon.</span> <span class='ocrx_word' id='word_1_388' title='bbox 2117 1759 2181 1790; x_wconf 91' lang='lat' dir='ltr'>sub</span> <span class='ocrx_word' id='word_1_389' title='bbox 2197 1760 2407 1800; x_wconf 61' lang='lat' dir='ltr'>exsp-praeh-</span> 
     </span>
     <span class='ocr_line' id='line_1_52' title="bbox 802 1812 2408 1853; baseline -0.001 -6"><span class='ocrx_word' id='word_1_390' title='bbox 802 1816 882 1847; x_wconf 90' lang='grc'><strong>0001.</strong></span> <span class='ocrx_word' id='word_1_391' title='bbox 901 1815 1052 1846; x_wconf 85' lang='lat' dir='ltr'>Paduan.</span> <span class='ocrx_word' id='word_1_392' title='bbox 1069 1832 1106 1836; x_wconf 90' lang='lat'><strong>—</strong></span> <span class='ocrx_word' id='word_1_393' title='bbox 1128 1814 1155 1844; x_wconf 93' lang='lat' dir='ltr'>I.</span> <span class='ocrx_word' id='word_1_394' title='bbox 1176 1822 1204 1845; x_wconf 90' lang='lat' dir='ltr'>e.</span> <span class='ocrx_word' id='word_1_395' title='bbox 1221 1822 1265 1844; x_wconf 92' lang='lat' dir='ltr'>m.</span> <span class='ocrx_word' id='word_1_396' title='bbox 1293 1812 1369 1844; x_wconf 86' lang='lat' dir='ltr'>abb.</span> <span class='ocrx_word' id='word_1_397' title='bbox 1389 1814 1535 1844; x_wconf 84' lang='lat' dir='ltr'>monast.</span> <span class='ocrx_word' id='word_1_398' title='bbox 1560 1822 1588 1844; x_wconf 92' lang='lat' dir='ltr'>s.</span> <span class='ocrx_word' id='word_1_399' title='bbox 1607 1813 1775 1853; x_wconf 74' lang='lat' dir='ltr'>sepulcri,</span> <span class='ocrx_word' id='word_1_400' title='bbox 1799 1815 1832 1844; x_wconf 84' lang='lat' dir='ltr'>et</span> <span class='ocrx_word' id='word_1_401' title='bbox 1850 1813 1976 1844; x_wconf 86' lang='lat' dir='ltr'>archid.</span> <span class='ocrx_word' id='word_1_402' title='bbox 1996 1813 2198 1850; x_wconf 65' lang='lat' dir='ltr'>placentin„</span> <span class='ocrx_word' id='word_1_403' title='bbox 2218 1822 2256 1845; x_wconf 85' lang='lat' dir='ltr'>ac</span> <span class='ocrx_word' id='word_1_404' title='bbox 2278 1814 2408 1846; x_wconf 86' lang='lat' dir='ltr'>Buxolo</span> 
     </span>
     <span class='ocr_line' id='line_1_53' title="bbox 802 1865 2012 1906; baseline -0.004 -6"><span class='ocrx_word' id='word_1_405' title='bbox 802 1870 843 1901; x_wconf 90' lang='lat' dir='ltr'>de</span> <span class='ocrx_word' id='word_1_406' title='bbox 858 1870 996 1902; x_wconf 85' lang='lat' dir='ltr'>Parma,</span> <span class='ocrx_word' id='word_1_407' title='bbox 1011 1876 1083 1904; x_wconf 79' lang='lat' dir='ltr'>can.</span> <span class='ocrx_word' id='word_1_408' title='bbox 1102 1868 1289 1898; x_wconf 85' lang='lat' dir='ltr'>Tornacen.</span> <span class='ocrx_word' id='word_1_409' title='bbox 1307 1866 1387 1897; x_wconf 90' lang='grc'><strong>0001.</strong></span> <span class='ocrx_word' id='word_1_410' title='bbox 1407 1867 1458 1904; x_wconf 85' lang='lat' dir='ltr'>(A.</span> <span class='ocrx_word' id='word_1_411' title='bbox 1475 1868 1527 1904; x_wconf 93' lang='lat'>21,</span> <span class='ocrx_word' id='word_1_412' title='bbox 1547 1867 1570 1897; x_wconf 85' lang='lat' dir='ltr'>f.</span> <span class='ocrx_word' id='word_1_413' title='bbox 1584 1868 1645 1898; x_wconf 78' lang='grc'>430</span> <span class='ocrx_word' id='word_1_414' title='bbox 1660 1872 1690 1902; x_wconf 78' lang='lat'>³3</span> <span class='ocrx_word' id='word_1_415' title='bbox 1716 1865 1749 1897; x_wconf 93' lang='lat' dir='ltr'>V.</span> <span class='ocrx_word' id='word_1_416' title='bbox 1767 1869 1817 1901; x_wconf 86' lang='lat'>77,</span> <span class='ocrx_word' id='word_1_417' title='bbox 1834 1875 1886 1906; x_wconf 91' lang='lat' dir='ltr'>ep.</span> <span class='ocrx_word' id='word_1_418' title='bbox 1906 1866 2012 1905; x_wconf 91' lang='grc'><strong>2033.)</strong></span> 
     </span>
    </p>

    <p class='ocr_par' dir='ltr' id='par_1_23' title="bbox 801 1919 2409 2120">
     <span class='ocr_line' id='line_1_54' title="bbox 848 1919 2406 1960; baseline 0.001 -9"><span class='ocrx_word' id='word_1_419' title='bbox 848 1919 983 1951; x_wconf 85' lang='grc'><strong>19398.</strong></span> <span class='ocrx_word' id='word_1_420' title='bbox 1001 1939 1038 1944; x_wconf 89' lang='lat'>—</span> <span class='ocrx_word' id='word_1_421' title='bbox 1056 1921 1146 1951; x_wconf 79' lang='lat' dir='ltr'>Petro</span> <span class='ocrx_word' id='word_1_422' title='bbox 1161 1920 1196 1950; x_wconf 82' lang='lat' dir='ltr'>de</span> <span class='ocrx_word' id='word_1_423' title='bbox 1211 1919 1351 1960; x_wconf 74' lang='lat' dir='ltr'>Filqeriis</span> <span class='ocrx_word' id='word_1_424' title='bbox 1363 1929 1458 1959; x_wconf 89' lang='lat' dir='ltr'>prov.</span> <span class='ocrx_word' id='word_1_425' title='bbox 1479 1928 1596 1951; x_wconf 85' lang='lat' dir='ltr'>canon.</span> <span class='ocrx_word' id='word_1_426' title='bbox 1617 1920 1680 1951; x_wconf 87' lang='lat' dir='ltr'>sub</span> <span class='ocrx_word' id='word_1_427' title='bbox 1697 1929 1793 1959; x_wconf 86' lang='lat' dir='ltr'>exsp.</span> <span class='ocrx_word' id='word_1_428' title='bbox 1807 1919 1910 1959; x_wconf 87' lang='lat' dir='ltr'>praeb.</span> <span class='ocrx_word' id='word_1_429' title='bbox 1930 1920 2011 1951; x_wconf 88' lang='grc'><strong>0001.</strong></span> <span class='ocrx_word' id='word_1_430' title='bbox 2027 1920 2201 1952; x_wconf 87' lang='lat' dir='ltr'>Redonen.</span> <span class='ocrx_word' id='word_1_431' title='bbox 2210 1930 2220 1956; x_wconf 85' lang='lat'>;</span> <span class='ocrx_word' id='word_1_432' title='bbox 2236 1929 2304 1952; x_wconf 90' lang='lat' dir='ltr'>non</span> <span class='ocrx_word' id='word_1_433' title='bbox 2318 1920 2406 1954; x_wconf 82' lang='lat' dir='ltr'>obst.</span> 
     </span>
     <span class='ocr_line' id='line_1_55' title="bbox 802 1973 2409 2017; baseline -0.001 -9"><span class='ocrx_word' id='word_1_434' title='bbox 802 1976 935 2017; x_wconf 85' lang='lat' dir='ltr'>paroch.</span> <span class='ocrx_word' id='word_1_435' title='bbox 955 1975 1037 2006; x_wconf 88' lang='grc'><strong>0001.</strong></span> <span class='ocrx_word' id='word_1_436' title='bbox 1061 1975 1101 2005; x_wconf 89' lang='grc'>(10</span> <span class='ocrx_word' id='word_1_437' title='bbox 1123 1975 1256 2013; x_wconf 88' lang='lat' dir='ltr'>Dueyo,</span> <span class='ocrx_word' id='word_1_438' title='bbox 1278 1973 1495 2013; x_wconf 84' lang='lat' dir='ltr'>Andegaven.</span> <span class='ocrx_word' id='word_1_439' title='bbox 1520 1974 1580 2011; x_wconf 88' lang='lat' dir='ltr'>di.,</span> <span class='ocrx_word' id='word_1_440' title='bbox 1598 1974 1630 2005; x_wconf 85' lang='lat' dir='ltr'>et</span> <span class='ocrx_word' id='word_1_441' title='bbox 1647 1974 1767 2014; x_wconf 84' lang='lat' dir='ltr'>capell.</span> <span class='ocrx_word' id='word_1_442' title='bbox 1787 1982 1814 2005; x_wconf 89' lang='lat' dir='ltr'>s.</span> <span class='ocrx_word' id='word_1_443' title='bbox 1830 1973 1973 2005; x_wconf 86' lang='lat' dir='ltr'>Joannis</span> <span class='ocrx_word' id='word_1_444' title='bbox 1989 1973 2025 2004; x_wconf 90' lang='lat' dir='ltr'>in</span> <span class='ocrx_word' id='word_1_445' title='bbox 2040 1973 2121 2005; x_wconf 89' lang='grc'><strong>0001.</strong></span> <span class='ocrx_word' id='word_1_446' title='bbox 2139 1982 2168 2004; x_wconf 88' lang='lat' dir='ltr'>s.</span> <span class='ocrx_word' id='word_1_447' title='bbox 2185 1973 2323 2014; x_wconf 80' lang='lat' dir='ltr'>Georgii</span> <span class='ocrx_word' id='word_1_448' title='bbox 2342 1975 2409 2007; x_wconf 84' lang='lat' dir='ltr'>Re-</span> 
     </span>
     <span class='ocr_line' id='line_1_56' title="bbox 802 2026 2407 2067; baseline -0.001 -6"><span class='ocrx_word' id='word_1_449' title='bbox 802 2031 923 2061; x_wconf 89' lang='lat' dir='ltr'>donen.</span> <span class='ocrx_word' id='word_1_450' title='bbox 940 2047 979 2052; x_wconf 97' lang='lat'>—</span> <span class='ocrx_word' id='word_1_451' title='bbox 995 2028 1020 2060; x_wconf 94' lang='lat' dir='ltr'>I.</span> <span class='ocrx_word' id='word_1_452' title='bbox 1039 2037 1068 2059; x_wconf 93' lang='lat' dir='ltr'>e.</span> <span class='ocrx_word' id='word_1_453' title='bbox 1085 2036 1130 2059; x_wconf 94' lang='lat' dir='ltr'>m.</span> <span class='ocrx_word' id='word_1_454' title='bbox 1149 2027 1224 2058; x_wconf 88' lang='lat' dir='ltr'>abb.</span> <span class='ocrx_word' id='word_1_455' title='bbox 1252 2028 1398 2058; x_wconf 88' lang='lat' dir='ltr'>monast.</span> <span class='ocrx_word' id='word_1_456' title='bbox 1424 2035 1451 2057; x_wconf 87' lang='lat' dir='ltr'>s.</span> <span class='ocrx_word' id='word_1_457' title='bbox 1473 2026 1606 2058; x_wconf 79' lang='lat' dir='ltr'>Nicolai</span> <span class='ocrx_word' id='word_1_458' title='bbox 1629 2027 1861 2067; x_wconf 85' lang='lat' dir='ltr'>Andegaven.,</span> <span class='ocrx_word' id='word_1_459' title='bbox 1879 2028 1912 2058; x_wconf 84' lang='lat' dir='ltr'>et</span> <span class='ocrx_word' id='word_1_460' title='bbox 1936 2035 2046 2067; x_wconf 83' lang='lat' dir='ltr'>magg.</span> <span class='ocrx_word' id='word_1_461' title='bbox 2071 2027 2216 2058; x_wconf 84' lang='lat' dir='ltr'>Andreae</span> <span class='ocrx_word' id='word_1_462' title='bbox 2232 2027 2407 2060; x_wconf 82' lang='lat' dir='ltr'>Porcherii</span> 
     </span>
     <span class='ocr_line' id='line_1_57' title="bbox 801 2080 2246 2120; baseline -0.002 -5"><span class='ocrx_word' id='word_1_463' title='bbox 801 2093 839 2115; x_wconf 92' lang='grc'>00</span> <span class='ocrx_word' id='word_1_464' title='bbox 855 2082 1048 2115; x_wconf 88' lang='lat' dir='ltr'>Theobaldo</span> <span class='ocrx_word' id='word_1_465' title='bbox 1071 2081 1214 2117; x_wconf 84' lang='lat' dir='ltr'>Silvani,</span> <span class='ocrx_word' id='word_1_466' title='bbox 1233 2089 1304 2111; x_wconf 87' lang='lat' dir='ltr'>can.</span> <span class='ocrx_word' id='word_1_467' title='bbox 1323 2081 1539 2120; x_wconf 84' lang='lat' dir='ltr'>Andegaven.</span> <span class='ocrx_word' id='word_1_468' title='bbox 1558 2080 1638 2111; x_wconf 89' lang='grc'><strong>0001.</strong></span> <span class='ocrx_word' id='word_1_469' title='bbox 1660 2081 1710 2119; x_wconf 93' lang='lat' dir='ltr'>(A.</span> <span class='ocrx_word' id='word_1_470' title='bbox 1727 2082 1778 2116; x_wconf 88' lang='lat'>20,</span> <span class='ocrx_word' id='word_1_471' title='bbox 1798 2081 1821 2111; x_wconf 88' lang='lat' dir='ltr'>f.</span> <span class='ocrx_word' id='word_1_472' title='bbox 1835 2082 1894 2112; x_wconf 82' lang='lat'>504</span> <span class='ocrx_word' id='word_1_473' title='bbox 1910 2086 1939 2116; x_wconf 56' lang='grc' dir='ltr'>ὃς</span> <span class='ocrx_word' id='word_1_474' title='bbox 1961 2080 1996 2111; x_wconf 92' lang='lat' dir='ltr'>V.</span> <span class='ocrx_word' id='word_1_475' title='bbox 2015 2082 2065 2118; x_wconf 87' lang='grc'>76,</span> <span class='ocrx_word' id='word_1_476' title='bbox 2086 2089 2139 2120; x_wconf 90' lang='lat' dir='ltr'>ep.</span> <span class='ocrx_word' id='word_1_477' title='bbox 2159 2082 2246 2120; x_wconf 84' lang='lat'>959.)</span> 
     </span>
    </p>

    <p class='ocr_par' dir='ltr' id='par_1_24' title="bbox 801 2134 2405 2228">
     <span class='ocr_line' id='line_1_58' title="bbox 848 2134 2405 2174; baseline 0 -8"><span class='ocrx_word' id='word_1_478' title='bbox 848 2134 984 2167; x_wconf 85' lang='grc'><strong>18399.</strong></span> <span class='ocrx_word' id='word_1_479' title='bbox 999 2154 1037 2158; x_wconf 95' lang='grc'><strong>-</strong></span> <span class='ocrx_word' id='word_1_480' title='bbox 1053 2135 1146 2165; x_wconf 80' lang='lat' dir='ltr'>Petro</span> <span class='ocrx_word' id='word_1_481' title='bbox 1172 2134 1208 2165; x_wconf 81' lang='lat' dir='ltr'>de</span> <span class='ocrx_word' id='word_1_482' title='bbox 1224 2134 1390 2171; x_wconf 78' lang='lat' dir='ltr'>Prinlzola,</span> <span class='ocrx_word' id='word_1_483' title='bbox 1409 2134 1488 2165; x_wconf 84' lang='lat' dir='ltr'>cler.</span> <span class='ocrx_word' id='word_1_484' title='bbox 1507 2134 1700 2166; x_wconf 81' lang='lat' dir='ltr'>Ruthenen.</span> <span class='ocrx_word' id='word_1_485' title='bbox 1718 2134 1779 2171; x_wconf 87' lang='lat' dir='ltr'>di.,</span> <span class='ocrx_word' id='word_1_486' title='bbox 1798 2143 1864 2165; x_wconf 91' lang='lat' dir='ltr'>non</span> <span class='ocrx_word' id='word_1_487' title='bbox 1883 2134 2060 2174; x_wconf 79' lang='lat' dir='ltr'>conjugato</span> <span class='ocrx_word' id='word_1_488' title='bbox 2075 2142 2137 2165; x_wconf 83' lang='lat' dir='ltr'>nec</span> <span class='ocrx_word' id='word_1_489' title='bbox 2160 2134 2196 2164; x_wconf 94' lang='lat' dir='ltr'>in</span> <span class='ocrx_word' id='word_1_490' title='bbox 2212 2134 2320 2166; x_wconf 82' lang='lat' dir='ltr'>sacris</span> <span class='ocrx_word' id='word_1_491' title='bbox 2332 2135 2405 2166; x_wconf 87' lang='lat' dir='ltr'>ord.</span> 
     </span>
     <span class='ocr_line' id='line_1_59' title="bbox 801 2188 2060 2228; baseline -0.004 -6"><span class='ocrx_word' id='word_1_492' title='bbox 801 2191 995 2227; x_wconf 80' lang='lat' dir='ltr'>constituto,</span> <span class='ocrx_word' id='word_1_493' title='bbox 1013 2198 1104 2220; x_wconf 87' lang='lat' dir='ltr'>conc.</span> <span class='ocrx_word' id='word_1_494' title='bbox 1124 2188 1368 2219; x_wconf 85' lang='lat' dir='ltr'>tabellionatus</span> <span class='ocrx_word' id='word_1_495' title='bbox 1381 2188 1435 2219; x_wconf 88' lang='lat' dir='ltr'>off.</span> <span class='ocrx_word' id='word_1_496' title='bbox 1454 2188 1505 2228; x_wconf 87' lang='lat' dir='ltr'>(A.</span> <span class='ocrx_word' id='word_1_497' title='bbox 1521 2189 1571 2226; x_wconf 88' lang='grc'>20,</span> <span class='ocrx_word' id='word_1_498' title='bbox 1589 2188 1609 2217; x_wconf 87' lang='lat' dir='ltr'>f.</span> <span class='ocrx_word' id='word_1_499' title='bbox 1632 2188 1689 2219; x_wconf 91' lang='grc'>118</span> <span class='ocrx_word' id='word_1_500' title='bbox 1703 2193 1732 2225; x_wconf 78' lang='lat'>²3</span> <span class='ocrx_word' id='word_1_501' title='bbox 1755 2188 1790 2219; x_wconf 94' lang='lat' dir='ltr'>V.</span> <span class='ocrx_word' id='word_1_502' title='bbox 1811 2190 1860 2226; x_wconf 89' lang='grc'>77,</span> <span class='ocrx_word' id='word_1_503' title='bbox 1879 2196 1932 2227; x_wconf 89' lang='lat' dir='ltr'>ep.</span> <span class='ocrx_word' id='word_1_504' title='bbox 1954 2188 2060 2226; x_wconf 80' lang='grc'><strong>2064.)</strong></span> 
     </span>
    </p>

    <p class='ocr_par' dir='ltr' id='par_1_25' title="bbox 801 2240 2407 2337">
     <span class='ocr_line' id='line_1_60' title="bbox 847 2240 2407 2282; baseline 0 -8"><span class='ocrx_word' id='word_1_505' title='bbox 847 2241 984 2274; x_wconf 74' lang='grc'><strong>19400.</strong></span> <span class='ocrx_word' id='word_1_506' title='bbox 998 2261 1037 2266; x_wconf 85' lang='grc'>-</span> <span class='ocrx_word' id='word_1_507' title='bbox 1055 2242 1185 2273; x_wconf 75' lang='lat' dir='ltr'>Falconi</span> <span class='ocrx_word' id='word_1_508' title='bbox 1201 2241 1292 2272; x_wconf 76' lang='lat' dir='ltr'>electo</span> <span class='ocrx_word' id='word_1_509' title='bbox 1307 2241 1503 2282; x_wconf 74' lang='lat' dir='ltr'>Andeqaven.</span> <span class='ocrx_word' id='word_1_510' title='bbox 1520 2241 1621 2273; x_wconf 85' lang='lat' dir='ltr'>facul.</span> <span class='ocrx_word' id='word_1_511' title='bbox 1641 2241 1846 2272; x_wconf 82' lang='lat' dir='ltr'>concedendi</span> <span class='ocrx_word' id='word_1_512' title='bbox 1862 2240 2106 2272; x_wconf 84' lang='lat' dir='ltr'>tabellionatus</span> <span class='ocrx_word' id='word_1_513' title='bbox 2127 2241 2182 2273; x_wconf 83' lang='lat' dir='ltr'>off.</span> <span class='ocrx_word' id='word_1_514' title='bbox 2199 2252 2222 2272; x_wconf 87' lang='lat'>11</span> <span class='ocrx_word' id='word_1_515' title='bbox 2241 2241 2321 2273; x_wconf 85' lang='lat' dir='ltr'>cler.</span> <span class='ocrx_word' id='word_1_516' title='bbox 2339 2250 2407 2274; x_wconf 89' lang='lat' dir='ltr'>non</span> 
     </span>
     <span class='ocr_line' id='line_1_61' title="bbox 801 2295 1787 2337; baseline -0.005 -8"><span class='ocrx_word' id='word_1_517' title='bbox 801 2297 1001 2337; x_wconf 83' lang='lat' dir='ltr'>conjugatis.</span> <span class='ocrx_word' id='word_1_518' title='bbox 1021 2296 1074 2336; x_wconf 92' lang='lat' dir='ltr'>(A.</span> <span class='ocrx_word' id='word_1_519' title='bbox 1094 2297 1145 2333; x_wconf 92' lang='lat'>20,</span> <span class='ocrx_word' id='word_1_520' title='bbox 1159 2296 1193 2327; x_wconf 87' lang='lat' dir='ltr'>ff.</span> <span class='ocrx_word' id='word_1_521' title='bbox 1210 2297 1263 2326; x_wconf 86' lang='lat'>121</span> <span class='ocrx_word' id='word_1_522' title='bbox 1283 2295 1297 2316; x_wconf 78' lang='lat' dir='ltr'>b</span> <span class='ocrx_word' id='word_1_523' title='bbox 1311 2296 1344 2327; x_wconf 87' lang='lat' dir='ltr'>et</span> <span class='ocrx_word' id='word_1_524' title='bbox 1359 2297 1418 2326; x_wconf 80' lang='lat'>577</span> <span class='ocrx_word' id='word_1_525' title='bbox 1436 2300 1464 2331; x_wconf 70' lang='lat'>³5</span> <span class='ocrx_word' id='word_1_526' title='bbox 1487 2295 1523 2326; x_wconf 95' lang='lat' dir='ltr'>V.</span> <span class='ocrx_word' id='word_1_527' title='bbox 1542 2297 1592 2332; x_wconf 85' lang='lat'>77,</span> <span class='ocrx_word' id='word_1_528' title='bbox 1612 2303 1664 2334; x_wconf 91' lang='lat' dir='ltr'>ep.</span> <span class='ocrx_word' id='word_1_529' title='bbox 1681 2296 1787 2334; x_wconf 83' lang='lat'>2090.)</span> 
     </span>
    </p>

    <p class='ocr_par' dir='ltr' id='par_1_26' title="bbox 798 2347 2408 2549">
     <span class='ocr_line' id='line_1_62' title="bbox 846 2347 2408 2389; baseline 0.001 -10"><span class='ocrx_word' id='word_1_530' title='bbox 846 2347 981 2380; x_wconf 77' lang='grc'><strong>19401.</strong></span> <span class='ocrx_word' id='word_1_531' title='bbox 1011 2369 1048 2373; x_wconf 90' lang='grc'><strong>-</strong></span> <span class='ocrx_word' id='word_1_532' title='bbox 1071 2348 1231 2380; x_wconf 75' lang='lat' dir='ltr'>Guillelmo</span> <span class='ocrx_word' id='word_1_533' title='bbox 1247 2354 1319 2378; x_wconf 80' lang='lat' dir='ltr'>nalo</span> <span class='ocrx_word' id='word_1_534' title='bbox 1342 2348 1454 2389; x_wconf 84' lang='lat' dir='ltr'>quond.</span> <span class='ocrx_word' id='word_1_535' title='bbox 1472 2348 1594 2389; x_wconf 72' lang='lat' dir='ltr'>dolfini,</span> <span class='ocrx_word' id='word_1_536' title='bbox 1618 2348 1698 2379; x_wconf 87' lang='lat' dir='ltr'>cler.</span> <span class='ocrx_word' id='word_1_537' title='bbox 1724 2349 1907 2386; x_wconf 90' lang='lat' dir='ltr'>Veronen.,</span> <span class='ocrx_word' id='word_1_538' title='bbox 1931 2348 1966 2379; x_wconf 88' lang='lat' dir='ltr'>in</span> <span class='ocrx_word' id='word_1_539' title='bbox 1986 2347 2178 2379; x_wconf 89' lang='lat' dir='ltr'>minoribus</span> <span class='ocrx_word' id='word_1_540' title='bbox 2194 2347 2265 2379; x_wconf 91' lang='lat' dir='ltr'>ord.</span> <span class='ocrx_word' id='word_1_541' title='bbox 2283 2349 2408 2381; x_wconf 87' lang='lat' dir='ltr'>consti·</span> 
     </span>
     <span class='ocr_line' id='line_1_63' title="bbox 799 2401 2407 2444; baseline -0.002 -8"><span class='ocrx_word' id='word_1_542' title='bbox 799 2406 884 2441; x_wconf 87' lang='lat' dir='ltr'>tuto,</span> <span class='ocrx_word' id='word_1_543' title='bbox 899 2413 992 2444; x_wconf 86' lang='lat' dir='ltr'>perp.</span> <span class='ocrx_word' id='word_1_544' title='bbox 1009 2403 1210 2435; x_wconf 78' lang='lat' dir='ltr'>beneficiato</span> <span class='ocrx_word' id='word_1_545' title='bbox 1226 2403 1261 2433; x_wconf 91' lang='lat' dir='ltr'>in</span> <span class='ocrx_word' id='word_1_546' title='bbox 1277 2402 1357 2433; x_wconf 90' lang='grc'><strong>0001.</strong></span> <span class='ocrx_word' id='word_1_547' title='bbox 1375 2402 1415 2433; x_wconf 88' lang='grc'>(10</span> <span class='ocrx_word' id='word_1_548' title='bbox 1431 2402 1548 2437; x_wconf 88' lang='lat' dir='ltr'>Portu,</span> <span class='ocrx_word' id='word_1_549' title='bbox 1564 2402 1734 2433; x_wconf 89' lang='lat' dir='ltr'>Veronen.</span> <span class='ocrx_word' id='word_1_550' title='bbox 1753 2401 1813 2438; x_wconf 83' lang='lat' dir='ltr'>di.,</span> <span class='ocrx_word' id='word_1_551' title='bbox 1832 2401 1872 2432; x_wconf 90' lang='lat' dir='ltr'>de</span> <span class='ocrx_word' id='word_1_552' title='bbox 1891 2401 2003 2432; x_wconf 88' lang='lat' dir='ltr'>soluto</span> <span class='ocrx_word' id='word_1_553' title='bbox 2019 2402 2052 2433; x_wconf 89' lang='lat' dir='ltr'>et</span> <span class='ocrx_word' id='word_1_554' title='bbox 2068 2401 2180 2432; x_wconf 86' lang='lat' dir='ltr'>soluta</span> <span class='ocrx_word' id='word_1_555' title='bbox 2196 2402 2321 2441; x_wconf 86' lang='lat' dir='ltr'>genito,</span> <span class='ocrx_word' id='word_1_556' title='bbox 2337 2401 2407 2433; x_wconf 85' lang='lat' dir='ltr'>dis-</span> 
     </span>
     <span class='ocr_line' id='line_1_64' title="bbox 798 2453 2405 2498; baseline -0.002 -9"><span class='ocrx_word' id='word_1_557' title='bbox 798 2466 894 2498; x_wconf 88' lang='lat' dir='ltr'>pens.</span> <span class='ocrx_word' id='word_1_558' title='bbox 912 2460 1028 2488; x_wconf 85' lang='lat' dir='ltr'>utnon</span> <span class='ocrx_word' id='word_1_559' title='bbox 1048 2456 1134 2487; x_wconf 86' lang='lat' dir='ltr'>obst.</span> <span class='ocrx_word' id='word_1_560' title='bbox 1152 2456 1285 2487; x_wconf 81' lang='lat' dir='ltr'>defectu</span> <span class='ocrx_word' id='word_1_561' title='bbox 1304 2455 1468 2486; x_wconf 86' lang='lat' dir='ltr'>natalium</span> <span class='ocrx_word' id='word_1_562' title='bbox 1491 2455 1533 2486; x_wconf 89' lang='lat' dir='ltr'>ad</span> <span class='ocrx_word' id='word_1_563' title='bbox 1549 2454 1744 2494; x_wconf 86' lang='lat' dir='ltr'>superiores</span> <span class='ocrx_word' id='word_1_564' title='bbox 1764 2455 1835 2486; x_wconf 90' lang='lat' dir='ltr'>ord.</span> <span class='ocrx_word' id='word_1_565' title='bbox 1861 2454 2055 2494; x_wconf 86' lang='lat' dir='ltr'>promoveri</span> <span class='ocrx_word' id='word_1_566' title='bbox 2070 2455 2103 2486; x_wconf 83' lang='lat' dir='ltr'>et</span> <span class='ocrx_word' id='word_1_567' title='bbox 2118 2453 2231 2486; x_wconf 81' lang='lat' dir='ltr'>benef.</span> <span class='ocrx_word' id='word_1_568' title='bbox 2257 2463 2285 2486; x_wconf 90' lang='lat' dir='ltr'>c.</span> <span class='ocrx_word' id='word_1_569' title='bbox 2301 2463 2330 2486; x_wconf 84' lang='grc'>0.</span> <span class='ocrx_word' id='word_1_570' title='bbox 2348 2454 2405 2486; x_wconf 88' lang='lat' dir='ltr'>ob-</span> 
     </span>
     <span class='ocr_line' id='line_1_65' title="bbox 798 2508 1671 2549; baseline -0.005 -7"><span class='ocrx_word' id='word_1_571' title='bbox 798 2511 906 2542; x_wconf 81' lang='lat' dir='ltr'>tinere</span> <span class='ocrx_word' id='word_1_572' title='bbox 919 2511 1041 2542; x_wconf 86' lang='lat' dir='ltr'>valeat.</span> <span class='ocrx_word' id='word_1_573' title='bbox 1061 2510 1112 2549; x_wconf 82' lang='lat' dir='ltr'>(A.</span> <span class='ocrx_word' id='word_1_574' title='bbox 1131 2511 1182 2544; x_wconf 90' lang='lat'>21,</span> <span class='ocrx_word' id='word_1_575' title='bbox 1200 2509 1223 2539; x_wconf 86' lang='lat' dir='ltr'>f.</span> <span class='ocrx_word' id='word_1_576' title='bbox 1242 2510 1301 2540; x_wconf 87' lang='grc'><strong>386</strong></span> <span class='ocrx_word' id='word_1_577' title='bbox 1319 2514 1350 2546; x_wconf 78' lang='lat'>³3</span> <span class='ocrx_word' id='word_1_578' title='bbox 1376 2508 1409 2538; x_wconf 93' lang='lat' dir='ltr'>V.</span> <span class='ocrx_word' id='word_1_579' title='bbox 1427 2511 1476 2543; x_wconf 90' lang='grc'>77,</span> <span class='ocrx_word' id='word_1_580' title='bbox 1495 2517 1548 2547; x_wconf 90' lang='lat' dir='ltr'>ep.</span> <span class='ocrx_word' id='word_1_581' title='bbox 1568 2508 1671 2547; x_wconf 84' lang='lat'>1922.)</span> 
     </span>
    </p>

    <p class='ocr_par' dir='ltr' id='par_1_27' title="bbox 796 2560 2406 2765">
     <span class='ocr_line' id='line_1_66' title="bbox 846 2560 2406 2602; baseline 0.001 -10"><span class='ocrx_word' id='word_1_582' title='bbox 846 2561 980 2593; x_wconf 76' lang='grc'><strong>19102.</strong></span> <span class='ocrx_word' id='word_1_583' title='bbox 998 2582 1036 2586; x_wconf 92' lang='grc'>-</span> <span class='ocrx_word' id='word_1_584' title='bbox 1055 2562 1229 2593; x_wconf 80' lang='lat' dir='ltr'>Berlrando</span> <span class='ocrx_word' id='word_1_585' title='bbox 1246 2573 1270 2593; x_wconf 85' lang='lat' dir='ltr'>s.</span> <span class='ocrx_word' id='word_1_586' title='bbox 1287 2561 1429 2593; x_wconf 82' lang='lat' dir='ltr'>Marcelli</span> <span class='ocrx_word' id='word_1_587' title='bbox 1444 2561 1548 2602; x_wconf 84' lang='lat' dir='ltr'>presb.</span> <span class='ocrx_word' id='word_1_588' title='bbox 1567 2561 1665 2599; x_wconf 66' lang='lat' dir='ltr'>card„</span> <span class='ocrx_word' id='word_1_589' title='bbox 1690 2562 1730 2592; x_wconf 90' lang='lat' dir='ltr'>A.</span> <span class='ocrx_word' id='word_1_590' title='bbox 1748 2562 1781 2593; x_wconf 83' lang='lat' dir='ltr'>S.</span> <span class='ocrx_word' id='word_1_591' title='bbox 1798 2562 1920 2601; x_wconf 84' lang='lat' dir='ltr'>legato,</span> <span class='ocrx_word' id='word_1_592' title='bbox 1943 2560 2056 2592; x_wconf 91' lang='lat' dir='ltr'>mand.</span> <span class='ocrx_word' id='word_1_593' title='bbox 2072 2562 2109 2592; x_wconf 91' lang='lat' dir='ltr'>ut</span> <span class='ocrx_word' id='word_1_594' title='bbox 2128 2560 2164 2591; x_wconf 91' lang='lat' dir='ltr'>in</span> <span class='ocrx_word' id='word_1_595' title='bbox 2180 2561 2248 2592; x_wconf 84' lang='lat' dir='ltr'>alia</span> <span class='ocrx_word' id='word_1_596' title='bbox 2263 2561 2406 2600; x_wconf 85' lang='lat' dir='ltr'>pietatis</span> 
     </span>
     <span class='ocr_line' id='line_1_67' title="bbox 799 2613 2404 2658; baseline -0.002 -9"><span class='ocrx_word' id='word_1_597' title='bbox 799 2626 901 2658; x_wconf 89' lang='lat' dir='ltr'>opera</span> <span class='ocrx_word' id='word_1_598' title='bbox 916 2618 1101 2648; x_wconf 82' lang='lat' dir='ltr'>commutet</span> <span class='ocrx_word' id='word_1_599' title='bbox 1118 2618 1196 2648; x_wconf 84' lang='lat' dir='ltr'>vota</span> <span class='ocrx_word' id='word_1_600' title='bbox 1211 2625 1271 2655; x_wconf 77' lang='lat' dir='ltr'>per</span> <span class='ocrx_word' id='word_1_601' title='bbox 1286 2615 1465 2647; x_wconf 81' lang='lat' dir='ltr'>Albertum</span> <span class='ocrx_word' id='word_1_602' title='bbox 1481 2616 1598 2646; x_wconf 81' lang='lat' dir='ltr'>natum</span> <span class='ocrx_word' id='word_1_603' title='bbox 1612 2615 1737 2655; x_wconf 88' lang='lat' dir='ltr'>quond.</span> <span class='ocrx_word' id='word_1_604' title='bbox 1759 2614 1941 2646; x_wconf 88' lang='lat' dir='ltr'>Salvabeni</span> <span class='ocrx_word' id='word_1_605' title='bbox 1954 2615 1995 2646; x_wconf 88' lang='lat' dir='ltr'>de</span> <span class='ocrx_word' id='word_1_606' title='bbox 2013 2615 2062 2645; x_wconf 93' lang='lat' dir='ltr'>La</span> <span class='ocrx_word' id='word_1_607' title='bbox 2077 2613 2276 2651; x_wconf 89' lang='lat' dir='ltr'>Colcerella,</span> <span class='ocrx_word' id='word_1_608' title='bbox 2293 2614 2404 2646; x_wconf 83' lang='lat' dir='ltr'>civem</span> 
     </span>
     <span class='ocr_line' id='line_1_68' title="bbox 799 2666 2402 2707; baseline -0.003 -4"><span class='ocrx_word' id='word_1_609' title='bbox 799 2672 981 2706; x_wconf 86' lang='lat' dir='ltr'>Veronen.,</span> <span class='ocrx_word' id='word_1_610' title='bbox 999 2670 1126 2702; x_wconf 86' lang='lat' dir='ltr'>emissa</span> <span class='ocrx_word' id='word_1_611' title='bbox 1141 2670 1180 2701; x_wconf 91' lang='lat' dir='ltr'>de</span> <span class='ocrx_word' id='word_1_612' title='bbox 1198 2669 1381 2700; x_wconf 86' lang='lat' dir='ltr'>visitandis</span> <span class='ocrx_word' id='word_1_613' title='bbox 1397 2677 1423 2699; x_wconf 90' lang='lat' dir='ltr'>s.</span> <span class='ocrx_word' id='word_1_614' title='bbox 1443 2677 1470 2699; x_wconf 87' lang='lat' dir='ltr'>s.</span> <span class='ocrx_word' id='word_1_615' title='bbox 1490 2668 1722 2707; x_wconf 84' lang='lat' dir='ltr'>apostolorum</span> <span class='ocrx_word' id='word_1_616' title='bbox 1739 2668 1832 2699; x_wconf 88' lang='lat' dir='ltr'>Petri</span> <span class='ocrx_word' id='word_1_617' title='bbox 1847 2669 1880 2699; x_wconf 86' lang='lat' dir='ltr'>et</span> <span class='ocrx_word' id='word_1_618' title='bbox 1896 2667 1997 2699; x_wconf 90' lang='lat' dir='ltr'>Pauli</span> <span class='ocrx_word' id='word_1_619' title='bbox 2013 2668 2046 2699; x_wconf 88' lang='lat' dir='ltr'>et</span> <span class='ocrx_word' id='word_1_620' title='bbox 2068 2675 2095 2698; x_wconf 88' lang='lat' dir='ltr'>s.</span> <span class='ocrx_word' id='word_1_621' title='bbox 2112 2666 2231 2698; x_wconf 86' lang='lat' dir='ltr'>Jacobi</span> <span class='ocrx_word' id='word_1_622' title='bbox 2248 2667 2290 2698; x_wconf 89' lang='lat' dir='ltr'>de</span> <span class='ocrx_word' id='word_1_623' title='bbox 2305 2667 2402 2699; x_wconf 88' lang='lat' dir='ltr'>Com-</span> 
     </span>
     <span class='ocr_line' id='line_1_69' title="bbox 796 2721 1788 2765; baseline -0.003 -10"><span class='ocrx_word' id='word_1_624' title='bbox 796 2724 954 2765; x_wconf 86' lang='lat' dir='ltr'>postellis</span> <span class='ocrx_word' id='word_1_625' title='bbox 969 2723 1158 2755; x_wconf 87' lang='lat' dir='ltr'>liminibus.</span> <span class='ocrx_word' id='word_1_626' title='bbox 1179 2723 1233 2763; x_wconf 88' lang='lat' dir='ltr'>(A.</span> <span class='ocrx_word' id='word_1_627' title='bbox 1251 2725 1301 2761; x_wconf 83' lang='lat'>21,</span> <span class='ocrx_word' id='word_1_628' title='bbox 1319 2722 1342 2753; x_wconf 86' lang='lat' dir='ltr'>f.</span> <span class='ocrx_word' id='word_1_629' title='bbox 1361 2723 1420 2754; x_wconf 88' lang='grc'><strong>386</strong></span> <span class='ocrx_word' id='word_1_630' title='bbox 1438 2727 1469 2759; x_wconf 72' lang='lat'>⁸3</span> <span class='ocrx_word' id='word_1_631' title='bbox 1494 2721 1526 2752; x_wconf 89' lang='lat' dir='ltr'>V.</span> <span class='ocrx_word' id='word_1_632' title='bbox 1545 2724 1596 2757; x_wconf 86' lang='grc'>77,</span> <span class='ocrx_word' id='word_1_633' title='bbox 1613 2730 1666 2761; x_wconf 91' lang='lat' dir='ltr'>ep.</span> <span class='ocrx_word' id='word_1_634' title='bbox 1684 2723 1788 2760; x_wconf 89' lang='grc'><strong>1923.)</strong></span> 
     </span>
    </p>

    <p class='ocr_par' dir='ltr' id='par_1_28' title="bbox 796 2773 2406 3082">
     <span class='ocr_line' id='line_1_70' title="bbox 844 2773 2402 2817; baseline -0.001 -10"><span class='ocrx_word' id='word_1_635' title='bbox 844 2774 979 2807; x_wconf 83' lang='grc' dir='ltr'><strong>194Ο3.</strong></span> <span class='ocrx_word' id='word_1_636' title='bbox 999 2796 1037 2800; x_wconf 92' lang='grc'><strong>-</strong></span> <span class='ocrx_word' id='word_1_637' title='bbox 1055 2777 1193 2808; x_wconf 78' lang='lat' dir='ltr'>Antonio</span> <span class='ocrx_word' id='word_1_638' title='bbox 1208 2781 1283 2807; x_wconf 79' lang='lat' dir='ltr'>‘nalo</span> <span class='ocrx_word' id='word_1_639' title='bbox 1302 2775 1415 2817; x_wconf 81' lang='lat' dir='ltr'>quond.</span> <span class='ocrx_word' id='word_1_640' title='bbox 1435 2775 1569 2807; x_wconf 78' lang='lat' dir='ltr'>loannis</span> <span class='ocrx_word' id='word_1_641' title='bbox 1584 2774 1621 2806; x_wconf 87' lang='lat' dir='ltr'>de</span> <span class='ocrx_word' id='word_1_642' title='bbox 1644 2774 1760 2805; x_wconf 84' lang='lat' dir='ltr'>Verona</span> <span class='ocrx_word' id='word_1_643' title='bbox 1772 2774 1881 2815; x_wconf 83' lang='lat' dir='ltr'>gratia</span> <span class='ocrx_word' id='word_1_644' title='bbox 1897 2783 1992 2814; x_wconf 87' lang='lat' dir='ltr'>exsp.</span> <span class='ocrx_word' id='word_1_645' title='bbox 2011 2773 2124 2805; x_wconf 85' lang='lat' dir='ltr'>benef.</span> <span class='ocrx_word' id='word_1_646' title='bbox 2136 2781 2164 2804; x_wconf 91' lang='lat' dir='ltr'>s.</span> <span class='ocrx_word' id='word_1_647' title='bbox 2184 2782 2225 2812; x_wconf 88' lang='grc'>0.,</span> <span class='ocrx_word' id='word_1_648' title='bbox 2240 2775 2311 2812; x_wconf 80' lang='grc'><strong>(200</strong></span> <span class='ocrx_word' id='word_1_649' title='bbox 2328 2773 2402 2806; x_wconf 76' lang='lat' dir='ltr'>ssor-</span> 
     </span>
     <span class='ocr_line' id='line_1_71' title="bbox 796 2826 2405 2869; baseline -0.002 -7"><span class='ocrx_word' id='word_1_650' title='bbox 796 2830 896 2869; x_wconf 88' lang='lat' dir='ltr'>auri),</span> <span class='ocrx_word' id='word_1_651' title='bbox 914 2830 1049 2862; x_wconf 85' lang='lat' dir='ltr'>etiamsi</span> <span class='ocrx_word' id='word_1_652' title='bbox 1066 2830 1274 2861; x_wconf 84' lang='lat' dir='ltr'>canonicalis</span> <span class='ocrx_word' id='word_1_653' title='bbox 1288 2831 1320 2861; x_wconf 90' lang='lat' dir='ltr'>et</span> <span class='ocrx_word' id='word_1_654' title='bbox 1338 2829 1564 2869; x_wconf 73' lang='lat' dir='ltr'>praebendalis</span> <span class='ocrx_word' id='word_1_655' title='bbox 1581 2828 1734 2860; x_wconf 82' lang='lat' dir='ltr'>fueritin</span> <span class='ocrx_word' id='word_1_656' title='bbox 1750 2827 1842 2859; x_wconf 88' lang='lat' dir='ltr'>civit.</span> <span class='ocrx_word' id='word_1_657' title='bbox 1860 2827 1915 2859; x_wconf 87' lang='lat' dir='ltr'>vel</span> <span class='ocrx_word' id='word_1_658' title='bbox 1931 2827 1977 2858; x_wconf 92' lang='lat' dir='ltr'>di.</span> <span class='ocrx_word' id='word_1_659' title='bbox 1996 2826 2201 2862; x_wconf 88' lang='lat' dir='ltr'>Tridentin.,</span> <span class='ocrx_word' id='word_1_660' title='bbox 2215 2827 2339 2867; x_wconf 88' lang='lat' dir='ltr'>pertin.</span> <span class='ocrx_word' id='word_1_661' title='bbox 2361 2827 2405 2859; x_wconf 88' lang='lat' dir='ltr'>ad</span> 
     </span>
     <span class='ocr_line' id='line_1_72' title="bbox 797 2880 2404 2924; baseline -0.003 -8"><span class='ocrx_word' id='word_1_662' title='bbox 797 2883 954 2924; x_wconf 86' lang='lat' dir='ltr'>disposit.</span> <span class='ocrx_word' id='word_1_663' title='bbox 970 2883 1038 2923; x_wconf 90' lang='lat' dir='ltr'>ep.i</span> <span class='ocrx_word' id='word_1_664' title='bbox 1056 2885 1089 2914; x_wconf 83' lang='lat' dir='ltr'>et</span> <span class='ocrx_word' id='word_1_665' title='bbox 1112 2883 1213 2923; x_wconf 85' lang='lat' dir='ltr'>capit.</span> <span class='ocrx_word' id='word_1_666' title='bbox 1237 2883 1450 2920; x_wconf 75' lang='lat' dir='ltr'>Tridentin.;</span> <span class='ocrx_word' id='word_1_667' title='bbox 1477 2890 1544 2913; x_wconf 89' lang='lat' dir='ltr'>non</span> <span class='ocrx_word' id='word_1_668' title='bbox 1568 2881 1656 2913; x_wconf 84' lang='lat' dir='ltr'>obst.</span> <span class='ocrx_word' id='word_1_669' title='bbox 1681 2882 1716 2912; x_wconf 89' lang='lat' dir='ltr'>in</span> <span class='ocrx_word' id='word_1_670' title='bbox 1737 2890 1764 2912; x_wconf 91' lang='lat' dir='ltr'>s.</span> <span class='ocrx_word' id='word_1_671' title='bbox 1789 2881 1928 2921; x_wconf 83' lang='lat' dir='ltr'>Georgii</span> <span class='ocrx_word' id='word_1_672' title='bbox 1952 2889 1971 2911; x_wconf 93' lang='lat' dir='ltr'>a</span> <span class='ocrx_word' id='word_1_673' title='bbox 1987 2880 2087 2911; x_wconf 90' lang='lat' dir='ltr'>domo</span> <span class='ocrx_word' id='word_1_674' title='bbox 2111 2881 2280 2912; x_wconf 91' lang='lat' dir='ltr'>Veronen.</span> <span class='ocrx_word' id='word_1_675' title='bbox 2306 2889 2404 2921; x_wconf 86' lang='lat' dir='ltr'>perp.</span> 
     </span>
     <span class='ocr_line' id='line_1_73' title="bbox 796 2933 2402 2977; baseline -0.003 -7"><span class='ocrx_word' id='word_1_676' title='bbox 796 2937 931 2977; x_wconf 66' lang='lat' dir='ltr'>capell„</span> <span class='ocrx_word' id='word_1_677' title='bbox 959 2937 992 2968; x_wconf 88' lang='grc'>01</span> <span class='ocrx_word' id='word_1_678' title='bbox 1009 2937 1044 2968; x_wconf 90' lang='lat' dir='ltr'>in</span> <span class='ocrx_word' id='word_1_679' title='bbox 1060 2945 1088 2967; x_wconf 91' lang='lat' dir='ltr'>s.</span> <span class='ocrx_word' id='word_1_680' title='bbox 1106 2937 1200 2968; x_wconf 89' lang='lat' dir='ltr'>Petri</span> <span class='ocrx_word' id='word_1_681' title='bbox 1217 2936 1252 2967; x_wconf 92' lang='lat' dir='ltr'>in</span> <span class='ocrx_word' id='word_1_682' title='bbox 1268 2938 1379 2968; x_wconf 84' lang='lat' dir='ltr'>castro</span> <span class='ocrx_word' id='word_1_683' title='bbox 1396 2945 1433 2967; x_wconf 85' lang='lat' dir='ltr'>ac</span> <span class='ocrx_word' id='word_1_684' title='bbox 1448 2944 1476 2967; x_wconf 87' lang='lat' dir='ltr'>s.</span> <span class='ocrx_word' id='word_1_685' title='bbox 1493 2935 1657 2967; x_wconf 82' lang='lat' dir='ltr'>Barnabae</span> <span class='ocrx_word' id='word_1_686' title='bbox 1673 2935 1713 2966; x_wconf 90' lang='lat' dir='ltr'>de</span> <span class='ocrx_word' id='word_1_687' title='bbox 1733 2934 1898 2966; x_wconf 88' lang='lat' dir='ltr'>suburbio</span> <span class='ocrx_word' id='word_1_688' title='bbox 1913 2934 2096 2971; x_wconf 87' lang='lat' dir='ltr'>Veronen.,</span> <span class='ocrx_word' id='word_1_689' title='bbox 2114 2934 2147 2965; x_wconf 88' lang='grc'>01</span> <span class='ocrx_word' id='word_1_690' title='bbox 2165 2934 2201 2964; x_wconf 90' lang='lat' dir='ltr'>in</span> <span class='ocrx_word' id='word_1_691' title='bbox 2223 2934 2264 2965; x_wconf 92' lang='lat' dir='ltr'>de</span> <span class='ocrx_word' id='word_1_692' title='bbox 2285 2933 2402 2971; x_wconf 82' lang='lat' dir='ltr'>nasio,</span> 
     </span>
     <span class='ocr_line' id='line_1_74' title="bbox 796 2986 2403 3031; baseline -0.004 -8"><span class='ocrx_word' id='word_1_693' title='bbox 796 2992 832 3023; x_wconf 91' lang='lat' dir='ltr'>in</span> <span class='ocrx_word' id='word_1_694' title='bbox 847 3000 876 3022; x_wconf 89' lang='lat' dir='ltr'>s.</span> <span class='ocrx_word' id='word_1_695' title='bbox 892 2990 1030 3031; x_wconf 87' lang='lat' dir='ltr'>Georgii</span> <span class='ocrx_word' id='word_1_696' title='bbox 1044 2998 1082 3021; x_wconf 86' lang='lat' dir='ltr'>ac</span> <span class='ocrx_word' id='word_1_697' title='bbox 1097 2998 1126 3021; x_wconf 80' lang='lat' dir='ltr'>s,</span> <span class='ocrx_word' id='word_1_698' title='bbox 1145 2989 1298 3021; x_wconf 89' lang='lat' dir='ltr'>Floriani</span> <span class='ocrx_word' id='word_1_699' title='bbox 1313 2990 1386 3021; x_wconf 83' lang='lat' dir='ltr'>ets.</span> <span class='ocrx_word' id='word_1_700' title='bbox 1406 2989 1545 3021; x_wconf 75' lang='lat' dir='ltr'>Martini</span> <span class='ocrx_word' id='word_1_701' title='bbox 1559 2989 1600 3020; x_wconf 89' lang='lat' dir='ltr'>de</span> <span class='ocrx_word' id='word_1_702' title='bbox 1615 2988 1780 3029; x_wconf 69' lang='lat' dir='ltr'>Nigr-adio</span> <span class='ocrx_word' id='word_1_703' title='bbox 1797 2987 1900 3019; x_wconf 87' lang='lat' dir='ltr'>vallis</span> <span class='ocrx_word' id='word_1_704' title='bbox 1917 2987 2106 3025; x_wconf 89' lang='lat' dir='ltr'>Pulicellae,</span> <span class='ocrx_word' id='word_1_705' title='bbox 2123 2996 2161 3018; x_wconf 87' lang='lat' dir='ltr'>ac</span> <span class='ocrx_word' id='word_1_706' title='bbox 2177 2996 2204 3018; x_wconf 89' lang='lat' dir='ltr'>s.</span> <span class='ocrx_word' id='word_1_707' title='bbox 2227 2986 2403 3019; x_wconf 84' lang='lat' dir='ltr'>Laurentii</span> 
     </span>
     <span class='ocr_line' id='line_1_75' title="bbox 797 3039 2406 3082; baseline -0.002 -6"><span class='ocrx_word' id='word_1_708' title='bbox 797 3044 838 3076; x_wconf 89' lang='lat' dir='ltr'>de</span> <span class='ocrx_word' id='word_1_709' title='bbox 848 3044 1037 3082; x_wconf 87' lang='lat' dir='ltr'>Mineraxo‚</span> <span class='ocrx_word' id='word_1_710' title='bbox 1054 3044 1223 3076; x_wconf 88' lang='lat' dir='ltr'>Veronen.</span> <span class='ocrx_word' id='word_1_711' title='bbox 1245 3042 1305 3082; x_wconf 87' lang='lat' dir='ltr'>di.,</span> <span class='ocrx_word' id='word_1_712' title='bbox 1322 3042 1403 3075; x_wconf 86' lang='grc'><strong>0001.</strong></span> <span class='ocrx_word' id='word_1_713' title='bbox 1419 3042 1635 3074; x_wconf 86' lang='lat' dir='ltr'>clericatibus</span> <span class='ocrx_word' id='word_1_714' title='bbox 1651 3043 1684 3074; x_wconf 89' lang='lat' dir='ltr'>et</span> <span class='ocrx_word' id='word_1_715' title='bbox 1699 3050 1793 3082; x_wconf 89' lang='lat' dir='ltr'>perp.</span> <span class='ocrx_word' id='word_1_716' title='bbox 1810 3040 1997 3073; x_wconf 88' lang='lat' dir='ltr'>beneficiis.</span> <span class='ocrx_word' id='word_1_717' title='bbox 2015 3057 2054 3063; x_wconf 97' lang='lat'><strong>—</strong></span> <span class='ocrx_word' id='word_1_718' title='bbox 2069 3040 2096 3072; x_wconf 89' lang='grc' dir='ltr'>Ι.</span> <span class='ocrx_word' id='word_1_719' title='bbox 2113 3049 2143 3073; x_wconf 93' lang='grc'>0.</span> <span class='ocrx_word' id='word_1_720' title='bbox 2158 3049 2203 3073; x_wconf 93' lang='lat' dir='ltr'>m.</span> <span class='ocrx_word' id='word_1_721' title='bbox 2217 3040 2345 3072; x_wconf 90' lang='lat' dir='ltr'>Busolo</span> <span class='ocrx_word' id='word_1_722' title='bbox 2361 3039 2406 3072; x_wconf 79' lang='lat' dir='ltr'>de</span> 
     </span>
    </p>
   </div>
   <div class='ocr_carea' id='block_1_17' title="bbox 2560 2653 2592 3562">
    <p class='ocr_par' dir='ltr' id='par_1_29' title="bbox 2560 2653 2592 3562">
     <span class='ocr_line' id='line_1_76' title="bbox 2560 2653 2592 3562; baseline 0 0"><span class='ocrx_word' id='word_1_723' title='bbox 2560 2653 2592 3562; x_wconf 95' lang='lat' dir='ltr'> </span> 
     </span>
    </p>
   </div>
  </div>
 </body>
</html>
