2592 3562
357 317 396 348 94

387 405 490 432 Datum
513 396 699 432 Avenione.

418 506 456 533 21
473 508 555 532 mart.
575 503 666 532 1324.

428 551 484 585 (xn
499 549 558 577 kal.
582 548 658 585 apr.)

490 594 525 626 T.
537 593 593 621 XX.

419 665 460 693 23
475 668 559 693 mart.
581 663 668 692 1324.

447 713 478 746 (x
494 710 555 737 kal.
571 708 647 744 apr.)

506 878 542 905 Ut
559 886 582 904 s.

489 923 519 950 T.
540 922 598 949 XV.

507 1198 543 1226 Ut
558 1206 581 1225 s.

491 1244 520 1270 T.
541 1243 599 1270 XV.

504 1465 541 1493 Ut
558 1473 581 1492 s.

474 1511 505 1537 T.
521 1509 614 1537 XXIV.

503 1572 540 1599 Ut
560 1579 583 1598 s.

470 1617 499 1643 T.
520 1615 616 1643 XXIV.

506 1679 542 1706 Ut
557 1686 581 1705 s.

489 1724 519 1750 T.
541 1723 600 1750 XII.

509 1785 545 1812 Ut
558 1793 581 1812 s.

488 1830 518 1856 T.
535 1829 605 1856 XVI.

491 2045 521 2072 T.
537 2020 594 2071 Lx‘.

502 2213 539 2240 Ut.
562 2221 587 2240 S.

482 2258 512 2286 T.
535 2256 591 2284 LX.

505 2320 542 2348 Ut
559 2328 584 2347 s.

494 2366 527 2392 T.
540 2365 598 2393 XX.

509 2534 545 2561 Ut
562 2542 586 2560 s.

475 2578 506 2605 T.
523 2578 620 2605 XVIII.

510 2640 547 2668 Ut
561 2648 585 2668 s,

447 2685 478 2713 T.
499 2685 559 2719 XII,
579 2684 650 2713 XIV.

513 2854 549 2881 Ut
569 2862 592 2881 s.

458 2899 488 2926 T.
506 2898 553 2933 XI,
572 2898 644 2926 XIII.

751 308 925 341 JOANNIS
948 307 1068 339 PAPAE
1091 307 1193 338 XXII.
1218 306 1466 347 (1318-1334).
1489 323 1529 329 —
1552 304 1740 336 LITTERAE
1763 301 1989 335 COMMUNES

835 498 968 531 19167.
988 518 1027 524 -
1046 500 1131 542 Ep.o
1146 499 1276 531 Imolen.
1304 499 1417 531 mand.
1442 500 1479 530 ut
1502 498 1713 531 Cathelinam
1733 498 1847 528 natam
1871 495 2044 528 Francisci
2067 495 2108 527 de
2129 495 2286 532 Pidiano,
2306 493 2392 526 civi8

787 554 943 592 Imolen.,
959 554 1109 594 puellam
1126 554 1324 591 litteratam,
1343 552 1449 593 recipi
1464 552 1590 583 faciant
1606 551 1641 582 in
1662 551 1808 582 monast.
1827 558 1856 580 s.
1873 549 2045 581 Dominici
2064 548 2219 586 Imolen.,
2238 548 2278 580 O.
2295 548 2334 579 F.
2350 547 2390 579 P.

789 608 842 646 (A.
860 609 910 646 21,
931 608 954 639 f.
969 609 1030 640 418
1047 607 1080 644 ¹²3
1109 606 1140 638 V.
1163 609 1213 643 77,
1230 615 1282 648 ep.
1301 607 1406 643 2009.)

835 658 971 692 19168.
998 679 1037 684 —-
1067 661 1188 692 Sanciae
1212 661 1326 702 reqinae
1346 659 1462 691 Siciliae
1489 668 1580 691 cone.
1612 659 1660 695 ut,
1687 658 1718 689 si
1740 656 1919 697 contigerit
1940 656 2051 696 ipsam
2079 652 2203 687 Saeculo
2231 654 2393 686 derelicto

788 715 1099 747 sanctimonialium
1118 714 1271 755 regulam
1286 713 1451 754 profiteri,
1467 712 1799 744 adminiStrationem
1815 710 1982 742 bonorum
1999 717 2139 740 suorum
2157 716 2318 740 exercere
2338 716 2396 739 va-

789 769 868 806 leat,
886 769 1093 809 proprietate
1106 769 1220 799 tamen
1238 767 1410 799 fructuum
1428 767 1582 807 ipsorum
1604 774 1709 806 penes
1725 766 1871 796 monast.
1889 763 1980 804 quod
1997 763 2154 803 ingressa
2167 761 2270 794 fuerit
2287 769 2393 793 rema-

788 824 900 855 nente.
918 822 973 862 (V.
995 824 1046 861 76,
1063 831 1116 862 ep.
1135 822 1218 862 712.)
1598 830 1602 833 ·
1966 843 1970 847 .

837 873 972 905 19169.
993 893 1031 898 -—-
1048 875 1213 916 Arclziep.o
1228 874 1436 912 Salernitan.,
1453 879 1479 905 et
1505 873 1649 905 Gaiecan.
1673 883 1708 903 ac
1735 872 1863 914 Trojan.
1887 871 1964 912 ep.is
1989 870 2102 902 mand.
2120 871 2157 901 ut
2173 869 2348 910 inquirant
2362 869 2396 900 et

789 930 938 961 referant
955 930 995 961 de
1011 930 1125 961 valore
1141 929 1307 961 bonorum
1325 937 1399 969 quae
1421 929 1566 959 monast.
1595 926 1733 963 Scafati,
1750 926 1894 958 Cisterc.
1921 925 2006 961 ord„
2026 923 2151 955 Nolan.
2167 922 2227 959 di„
2245 921 2347 954 habet
2359 922 2396 953 in

789 984 882 1015 civit.
899 983 1126 1023 Neapolitana
1141 984 1173 1014 et
1191 982 1408 1022 pertinentiis
1422 981 1507 1018 suis,
1523 989 1676 1020 quaeque,
1694 988 1771 1011 cum
1788 980 1856 1010 sint
1873 978 1984 1009 vicina
2000 976 2207 1009 monasterio
2222 976 2257 1009 S.
2270 976 2394 1016 Corpo-

789 1037 838 1068 ris
851 1037 979 1068 Christi
991 1036 1220 1076 Neapolitan.,
1234 1045 1252 1067 a
1263 1035 1413 1067 Roberto
1429 1043 1507 1075 rege
1519 1036 1551 1065 et
1565 1033 1686 1065 Saucia
1698 1033 1814 1073 regina
1828 1032 1953 1064 Siciliae
1965 1031 2109 1071 supplic.
2123 1030 2276 1067 fundato,
2291 1028 2397 1060 iidem

722 1096 725 1100 ’
789 1099 849 1122 rex
866 1091 899 1121 et
916 1090 1034 1130 regina
1046 1090 1217 1129 petierunt
1230 1092 1422 1129 permutare
1435 1097 1496 1127 pro
1507 1087 1585 1119 aliis
1596 1087 1695 1118 bonis
1705 1087 1746 1117 ad
1756 1086 1848 1117 istud
1861 1087 2006 1116 monast.
2019 1083 2264 1125 spectantibus.
2278 1082 2332 1124 (A.
2346 1083 2398 1119 19,

789 1143 812 1175 f.
830 1145 889 1175 433
904 1143 934 1181 ²³3
955 1143 990 1175 V.
1010 1145 1059 1180 76,
1080 1152 1132 1182 ep.
1151 1145 1206 1174 741
1219 1153 1228 1180 ;
1243 1142 1364 1177 Eubel,
1382 1141 1559 1172 Bullarium
1579 1140 1829 1176 Franciscanum,
1847 1141 1871 1170 t.
1887 1139 1929 1176 V,
1949 1147 1981 1178 p.
1997 1140 2067 1174 260,
2085 1147 2118 1169 n.
2137 1138 2222 1176 525.)

837 1194 972 1225 19170.
993 1215 1029 1219 -
1047 1196 1136 1226 Eisd.
1154 1196 1268 1227 mand.
1285 1197 1322 1226 ut
1342 1195 1504 1226 similiter
1526 1194 1655 1234 Papam
1671 1193 1857 1224 informent
1874 1192 1914 1224 de
1935 1192 2050 1223 valore
2069 1191 2213 1222 aliorum
2229 1190 2397 1221 bonorum

790 1251 980 1289 praesertim
999 1250 1147 1290 grangiae
1157 1249 1305 1280 Coloniae
1317 1250 1529 1288 nuncupatae,
1545 1247 1669 1287 pertin.
1686 1247 1728 1277 ad
1741 1246 1911 1285 hospitale
1928 1254 1955 1276 s.
1968 1245 2111 1276 Joannis
2125 1243 2399 1276 Jerosolimitani

789 1304 824 1334 in
841 1304 935 1335 civIt.
956 1305 1144 1340 Aversana,
1166 1311 1239 1342 quae
1258 1302 1361 1333 iidem
1381 1310 1441 1332 rex
1456 1302 1488 1332 et
1506 1301 1624 1340 regina
1647 1301 1842 1339 permutare
1861 1300 1896 1330 ut
1919 1307 2023 1338 supra
2041 1298 2223 1338 petierunt,
2241 1306 2301 1337 pro
2319 1296 2399 1328 aliis

789 1357 888 1388 bonis
904 1357 946 1388 ad
961 1357 1160 1396 praedictum
1177 1357 1322 1386 monast.
1340 1355 1373 1386 S.
1393 1354 1553 1394 Corporis
1572 1354 1699 1386 Christi
1716 1353 1960 1393 spectantibus.
1977 1352 2031 1392 (A.
2048 1353 2094 1388 19,
2120 1351 2143 1382 f.
2167 1352 2226 1383 444
2242 1356 2269 1387 ³,
2291 1350 2327 1382 V.
2346 1351 2397 1386 76,

790 1419 843 1450 ep.
861 1411 934 1446 742;
950 1409 1071 1446 Eubel,
1088 1409 1224 1448 ibidem.)
1653 1430 1657 1435 .

837 1461 976 1493 19171.
997 1480 1034 1485 ——
1051 1463 1091 1493 N.
1113 1473 1151 1493 m.
1171 1461 1367 1502 Marylzeritae
1389 1461 1423 1491 de
1439 1460 1596 1497 Nokeriis,
1623 1460 1782 1490 comitissae
1805 1459 1944 1496 Marsici,
1966 1458 2138 1490 indultum
2154 1458 2301 1498 eIIgendi
2323 1466 2398 1490 con-

790 1517 968 1547 fessorem.
988 1516 1042 1556 (A.
1061 1517 1111 1552 20,
1133 1515 1156 1546 f.
1172 1517 1232 1546 405
1251 1521 1284 1552 ³3
1307 1514 1340 1545 V.
1361 1516 1410 1551 76,
1427 1523 1479 1554 ep.
1501 1515 1585 1553 753.)

838 1567 975 1598 19172.
993 1587 1030 1591 -
1054 1568 1129 1599 Eid.
1147 1568 1269 1599 indult.
1286 1569 1323 1600 ut
1341 1568 1517 1599 confessor
1531 1575 1615 1598 suus
1632 1567 1701 1606 ipsi
1717 1566 1751 1597 in
1778 1566 1899 1597 mortis
1922 1565 2067 1596 articulo
2087 1565 2240 1596 omnium
2258 1573 2400 1596 suorum

790 1623 926 1663 plenam
943 1622 1117 1662 indulgeat
1132 1622 1266 1654 veniam
1283 1623 1509 1662 peccatorum.
1526 1621 1580 1661 (A.
1597 1621 1647 1658 20,
1667 1620 1688 1651 f.
1704 1621 1763 1651 405
1778 1625 1792 1640 ³
1802 1629 1811 1655 ;
1835 1619 1868 1650 V.
1885 1621 1935 1657 76,
1952 1628 2004 1659 ep.
2022 1619 2108 1659 754.)

837 1673 972 1705 19173.
992 1665 1032 1699 -’
1048 1675 1124 1706 Eid.
1141 1676 1264 1707 indult.
1281 1674 1428 1706 habendi
1451 1675 1557 1706 altare
1573 1673 1746 1714 portatile.
1767 1673 1818 1714 (A.
1835 1674 1886 1708 20,
1905 1673 1927 1703 f.
1945 1673 2005 1704 405
2021 1678 2055 1710 ³3
2076 1672 2112 1704 V.
2132 1674 2182 1710 76,
2199 1680 2251 1712 ep.
2275 1671 2361 1712 755.)

838 1779 973 1811 19174.
993 1800 1029 1804 -
1048 1781 1087 1814 Ν,
1107 1792 1146 1811 m.
1165 1781 1296 1812 Hilariae
1312 1780 1347 1811 de
1362 1781 1492 1818 Lam-ia,
1513 1780 1639 1812 relictae
1660 1780 1785 1820 quond.
1804 1779 1945 1810 Henrici
1964 1780 2005 1810 de
2019 1788 2046 1810 s.
2066 1779 2228 1810 Severino
2245 1778 2332 1816 mil.,
2351 1777 2401 1809 vi-

790 1836 876 1874 duae,
894 1836 1064 1867 indultum
1081 1835 1294 1875 ingrediendi
1310 1835 1418 1866 semel
1433 1834 1469 1865 in
1491 1843 1578 1865 anno
1603 1834 1739 1874 singula
1758 1835 1903 1864 monast.
1921 1841 2076 1864 sororum
2090 1833 2162 1864 ord.
2180 1841 2207 1863 s.
2226 1832 2345 1870 Glarae,
2363 1831 2400 1863 in

791 1889 953 1921 comitatu
971 1889 1109 1920 Marsici
1125 1890 1157 1920 et
1177 1889 1256 1920 aliis
1272 1889 1374 1920 terris
1389 1897 1422 1918 n.
1449 1897 1481 1918 v.
1502 1887 1678 1919 Thomasii
1692 1888 1733 1918 de
1754 1895 1782 1918 s.
1810 1887 1981 1923 Severino,
2006 1886 2142 1918 comitis
2157 1885 2308 1923 Marsici,
2326 1885 2400 1917 nati

791 1944 856 1980 sui,
874 1945 906 1974 et
923 1943 958 1973 in
974 1943 1108 1974 civitate
1126 1942 1342 1982 Neapolitan.
1362 1942 1597 1973 consistentia.
1615 1941 1668 1980 (A.
1685 1942 1736 1978 20,
1755 1941 1778 1971 f.
1798 1942 1859 1972 405
1879 1940 1908 1977 b;
1929 1940 1965 1971 V.
1984 1942 2034 1977 76,
2051 1948 2103 1979 ep.
2123 1940 2209 1979 756.)

837 1994 972 2026 19175.
990 2014 1028 2019 —
1049 1997 1151 2037 Praep.
1168 2001 1197 2026 et
1215 2006 1303 2026 conv.
1321 2000 1450 2026 monast.
1469 2006 1494 2026 s.
1521 1995 1629 2026 Crucis
1650 1995 1847 2031 Mortarien.‚
1874 2003 1934 2034 per
1951 2002 2054 2034 praep.
2075 1993 2169 2025 soliti
2183 1992 2276 2033 gub,
2299 1993 2342 2024 ad
2357 1993 2399 2025 R.

790 2051 829 2082 E.
854 2051 948 2081 nullo
966 2050 1078 2081 medio
1098 2050 1237 2090 pertin.,
1256 2050 1294 2082 Ο.
1314 2049 1348 2081 S.
1365 2049 1420 2087 Α.,
1441 2049 1581 2089 Papien.
1601 2048 1668 2086 di.;
1686 2050 1867 2079 annotatur
1885 2047 2056 2087 quoddam
2071 2047 2292 2087 privilegium
2310 2046 2400 2078 dicto

790 2105 937 2136 monast.
957 2103 999 2135 ab
1016 2103 1155 2136 Urbano
1171 2104 1266 2143 Papa
1280 2103 1330 2134 III
1342 2103 1460 2135 datum
1468 2103 1611 2134 Veronae
1625 2102 1692 2133 kal.
1704 2101 1777 2142 jun.
1794 2110 1882 2133 anno
1897 2103 1986 2132 1187.
2000 2101 2054 2141 (A.
2066 2102 2117 2140 20,
2135 2101 2157 2132 f.
2174 2102 2234 2132 434
2246 2105 2279 2138 ⁸3
2302 2100 2336 2131 V.
2349 2101 2400 2138 76,

791 2167 843 2197 ep.
861 2160 944 2196 761.)

837 2208 974 2240 19176.
990 2228 1028 2233 -
1042 2210 1152 2248 Eisd.;
1173 2211 1354 2242 annotatur
1370 2210 1463 2241 aliud
1478 2210 1698 2250 privilegium
1711 2209 1899 2241 Alexandri
1914 2209 2015 2248 Papae
2027 2208 2090 2244 ΙΙΙ,
2104 2208 2170 2239 eid.
2185 2209 2329 2240 monast.
2346 2208 2402 2240 da-

791 2266 863 2295 tum
879 2265 1062 2296 Beneventi
1083 2275 1105 2295 11
1125 2264 1193 2295 kal.
1212 2265 1283 2295 dec.
1301 2273 1388 2295 anno
1404 2265 1494 2295 1168.
1512 2264 1565 2304 (Α.
1586 2264 1637 2299 20,
1658 2263 1681 2294 f.
1697 2265 1758 2295 435
1776 2268 1804 2299 ³,
1825 2261 1858 2292 V.
1875 2265 1925 2300 76,
1941 2271 1993 2302 ep.
2013 2262 2098 2302 762.)

839 2315 976 2348 19177.
995 2317 1179 2348 ——Matlzaeo
1203 2317 1240 2348 de
1266 2317 1488 2352 Pictavineria,
1514 2316 1679 2355 subdiac„
1706 2316 1898 2348 subdecano
1925 2316 2007 2347 eccl.
2040 2315 2228 2353 Pictaven.‚
2248 2315 2402 2355 indulge-

792 2373 848 2402 tur
864 2373 901 2402 ut
918 2380 1026 2411 usque
1043 2372 1085 2402 ad
1096 2371 1283 2403 triennium
1299 2372 1392 2411 leges
1407 2371 1525 2403 audire
1553 2373 1586 2402 et
1605 2370 1717 2410 legere
1734 2370 1845 2410 possit
1870 2370 1906 2400 in
1930 2370 2004 2401 loco
2033 2369 2092 2400 ubi
2121 2369 2273 2400 studium
2289 2369 2402 2409 vigeat

792 2425 961 2465 generale,
975 2434 1036 2456 nec
1048 2425 1186 2457 interim
1203 2425 1244 2456 ad
1254 2425 1511 2465 suscipiendum
1526 2425 1722 2463 superiores
1739 2424 1811 2455 ord.
1821 2425 1989 2455 teneatur.
2004 2423 2056 2462 (A.
2073 2424 2124 2460 20,
2138 2422 2161 2454 f.
2173 2425 2234 2455 436
2250 2428 2280 2460 ²,
2297 2422 2334 2454 V.
2349 2424 2401 2462 76,

793 2487 846 2518 ep.
862 2480 945 2517 769.)

839 2529 976 2561 19178.
997 2550 1034 2555 -
1047 2532 1164 2563 Joanm'
1179 2531 1390 2569 Cerclzemont,
1407 2531 1574 2567 subdiac.,
1591 2531 1718 2563 decano
1734 2540 1763 2562 s.
1775 2531 1937 2563 Germani
1953 2530 2198 2562 Altisiodoren.
2216 2529 2400 2568 Parisien.‚

793 2586 826 2616 et
840 2587 926 2617 cant.
948 2594 975 2616 s.
993 2586 1212 2626 Radegundis
1228 2586 1402 2617 Pictaven.
1417 2585 1513 2623 eccl.,
1530 2585 1694 2625 indulget.
1711 2585 1814 2616 idem.
1833 2584 1884 2625 (A.
1899 2585 1950 2622 20,
1964 2584 1988 2615 f.
2005 2585 2065 2616 436
2080 2589 2109 2622 a;
2129 2583 2165 2615 V.
2183 2585 2232 2622 76,
2247 2592 2299 2623 ep.
2314 2584 2400 2624 770.)

840 2636 973 2668 19179.
995 2656 1033 2661 —-
1045 2639 1157 2670 Eidem
1173 2639 1336 2680 indulget.
1352 2640 1401 2677 ut,
1420 2647 1528 2679 usque
1540 2638 1583 2670 ad
1597 2638 1784 2670 triennium
1797 2637 1988 2669 scolastIcis
2003 2636 2196 2677 disciplinis
2209 2637 2399 2669 insistendo

793 2692 829 2723 in
844 2692 958 2724 studio
973 2693 1135 2732 generali,
1153 2693 1284 2725 fructus
1298 2693 1453 2725 omnium
1477 2692 1589 2724 benef.
1615 2700 1755 2723 suorum
1771 2691 1903 2732 integre
1921 2691 2097 2731 percipiat.
2115 2707 2154 2712 —
2167 2691 2194 2722 I.
2212 2699 2240 2722 e.
2262 2699 2308 2721 m.
2325 2699 2400 2722 can-

792 2745 860 2777 tori
878 2746 915 2777 Β.
934 2746 979 2778 Μ.
1000 2746 1153 2786 Maioris,
1171 2748 1203 2778 et
1217 2746 1360 2779 Nicolao
1385 2745 1478 2783 Albi,
1505 2745 1646 2786 majoris
1669 2745 1856 2782 Pictaven„
1876 2753 1914 2776 ac
1939 2744 2041 2776 Petro
2065 2744 2107 2775 de
2129 2752 2157 2775 s.
2175 2744 2398 2784 Leodegario,

794 2799 964 2831 Turonen.
982 2808 1055 2831 can.
1073 2800 1154 2832 eccl.
1177 2800 1229 2838 (A.
1245 2801 1296 2838 20,
1316 2800 1338 2831 f.
1354 2801 1416 2832 406
1434 2805 1463 2836 ⁸3
1486 2799 1522 2831 V.
1540 2801 1590 2837 76,
1607 2808 1660 2840 ep.
1678 2797 1765 2838 774.)

841 2849 974 2881 19180.
999 2870 1036 2875 -
1054 2852 1220 2884 Francisco
1235 2858 1309 2884 nato
1322 2864 1354 2884 n.
1373 2863 1403 2884 v.
1421 2853 1563 2894 Philippi
1579 2852 1652 2884 d.ni
1670 2852 1774 2884 castri
1788 2852 1940 2889 Gozorae‚
1958 2851 2038 2883 cler.
2055 2851 2201 2883 Consan.
2217 2851 2277 2889 di„
2293 2851 2402 2892 gratia.

795 2914 890 2946 exsp.
908 2906 1020 2938 benef.
1037 2915 1065 2938 s.
1083 2915 1110 2938 c.
1129 2908 1181 2946 (20
1195 2916 1271 2939 unc.
1300 2906 1399 2946 auri),
1418 2907 1542 2947 pertin.
1565 2907 1609 2938 ad
1633 2905 1792 2946 disposit.
1818 2904 1982 2945 archiep.i
2005 2905 2164 2942 Consan.,
2183 2905 2217 2935 in
2233 2905 2326 2937 civit.
2346 2905 2402 2936 vel

794 2959 840 2990 di.
855 2960 1002 2992 Consan.
1020 2977 1058 2983 -—
1076 2960 1104 2992 Ι.
1120 2968 1148 2992 e.
1164 2969 1210 2992 m.
1228 2960 1305 2992 abb.
1321 2961 1466 2992 monast.
1485 2961 1524 2993 B.
1539 2960 1584 2992 M.
1602 2960 1637 2991 in
1654 2959 1789 2998 Eleche,
1808 2959 1954 2991 Consan.
1981 2958 2041 2997 di„
2056 2959 2089 2990 et
2107 2966 2194 2999 mag.
2215 2958 2401 2991 Guillelmo
