2592 3562
240 420 344 448 natum
359 415 540 448 Avenione.

248 625 284 654 13
299 625 363 662 (id.)
377 625 434 653 dec.
454 623 541 653 1324.

338 669 369 696 Τ.
385 669 441 696 XX.

356 784 391 812 Ut
411 792 435 812 s.

325 829 355 857 T.
375 828 457 856 xxn.

361 1902 398 1930 Ut
411 1910 435 1930 S.

343 1947 375 1974 Τ.
396 1947 454 1975 XII.

360 2008 397 2037 Ut
412 2017 437 2037 s.

329 2053 359 2080 Τ.
377 2053 472 2080 XXIV.

294 2115 331 2143 14
345 2115 404 2144 dec.
423 2115 511 2144 1324.

287 2160 352 2195 (xlx
366 2159 426 2188 kal.
440 2159 516 2196 jen.)

309 2205 340 2232 T.
356 2204 402 2237 xl,
422 2204 493 2232 XIII.

296 2382 331 2410 15
347 2382 405 2411 dec.
425 2381 513 2411 1324.

278 2428 369 2463 (xvm
383 2427 443 2455 kal.
453 2426 528 2463 jan.)

290 2472 322 2499 T.
337 2472 408 2506 XVI,
420 2471 516 2499 XVIII.

366 2756 401 2784 Ut
421 2764 444 2783 s.

336 2800 367 2828 T.
388 2799 481 2828 XXIV.

372 2915 406 2943 Ut
421 2923 444 2943 s.

345 2959 377 2986 T.
398 2959 469 2987 XVI.

598 326 772 358 JOANNIS
796 325 914 356 PAPAE
936 325 1037 357 XXII.
1062 326 1309 364 (1316-1334).
1332 342 1370 348 -
1393 325 1578 355 LITTERAE
1601 325 1824 357 COMMUNES
2168 330 2228 360 275

634 517 843 548 secutionem
859 517 1027 556 prioratus
1044 516 1085 547 de
1100 515 1259 550 Laurata‚
1276 515 1469 547 Raimundo
1487 516 1527 547 de
1541 516 1699 548 Codeleto
1710 525 1770 556 per
1785 517 1823 548 P.
1841 518 1878 548 P.
1895 518 2010 550 collati
2019 528 2028 555 3
2045 519 2232 558 prioratum

634 572 747 601 autem
765 569 934 605 Celeonis,
955 569 1084 608 praefati
1097 569 1182 603 ord.‚
1199 569 1384 608 Vapincen.
1402 569 1461 606 di.,
1475 569 1635 600 dimittat.
1653 570 1705 610 (A.
1722 571 1774 607 22,
1787 570 1809 601 f.
1823 571 1882 602 236
1900 570 1932 608 ὓς
1956 571 1991 602 V.
2011 572 2062 609 78,
2080 580 2132 611 ep.
2149 573 2232 611 435.)

679 619 819 652 21214.
839 639 877 644 -
907 621 1020 653 Jacobo
1040 621 1165 652 Mathaei
1186 619 1222 651 de
1244 620 1496 661 Aquamundula,
1515 621 1595 652 cler.
1620 622 1774 654 Gaietan.
1792 623 1851 658 di.,
1881 632 1952 663 cap.
1967 623 2143 655 Gaucelini
2157 633 2185 656 s.
2203 633 2231 656 s.

633 675 823 707 Marcellini
841 677 874 706 et
892 674 984 706 Petri
1001 673 1113 714 presb.
1128 674 1231 711 card„
1249 682 1342 705 conc.
1359 674 1413 705 off.
1432 674 1609 714 scriptoris
1625 675 1882 714 poenitentiarioe
1893 677 2095 715 apostolicae.
2114 678 2165 717 (A.
2182 679 2233 715 22,

635 728 658 759 f.
676 729 736 760 240
756 733 787 766 ·;
807 728 844 759 V.
861 730 910 765 78,
930 736 982 767 ep.
1000 726 1089 764 452.)
1568 761 1573 765 ,

679 779 820 811 21215.
843 800 878 804 -
896 779 1076 817 Μαεείἱίεη.,
1095 785 1121 810 et
1139 778 1327 810 Cavallicen.
1349 779 1434 819 ep.is‚
1453 790 1488 809 ac
1504 780 1616 810 decano
1635 779 1706 811 eccl.
1720 791 1744 811 s.
1763 781 1902 820 Aqricoli
1916 782 2104 813 Avenionen.
2122 784 2233 814 mand.

635 836 672 866 ut
688 824 881 867 Raimund'o
896 834 936 865 de
948 833 1120 870 Codeleto,
1134 841 1205 864 can.
1219 833 1299 864 eccl.
1312 832 1527 869 Avinionen.,
1541 833 1581 865 Ο.
1596 833 1630 864 S.
1644 835 1698 871 A„
1712 834 1888 866 conserant
1901 835 2088 874 prioratum
2100 836 2140 867 de
2154 837 2236 868 Lau-

635 889 720 925 rata,
737 888 818 919 dicti
830 888 915 922 ord.‚
935 888 968 918 et
980 895 1038 927 per
1050 895 1122 918 can.
1139 886 1237 917 dictae
1251 885 1332 917 eccl.
1348 885 1426 925 gub.
1441 888 1651 923 consuetum,
1665 887 1723 925 qui
1735 895 1794 926 per
1807 887 2054 919 assecutionem
2067 889 2236 928 prioratus

635 941 676 972 de
692 941 884 981 Interaquis
900 949 927 972 c.
944 949 985 978 c.,
999 939 1152 971 eorumd.
1170 939 1242 971 ord.
1260 938 1360 975 etdi„
1376 938 1539 970 Gaufrido
1552 939 1951 979 Genesii‚praefataeeccl.
1967 949 2052 978 can„
2068 950 2128 980 per
2142 942 2179 972 Ρ.
2196 942 2236 973 Ρ.

636 994 762 1031 collati,
783 994 818 1025 in
839 993 935 1025 brevi
958 994 1138 1024 vacaturus
1156 994 1207 1023 est
1214 1002 1223 1029 3
1245 992 1356 1023 dictus
1384 992 1496 1022 autem
1521 992 1735 1023 Raimundus
1760 993 1948 1031 prioratum
1971 993 2011 1025 de
2033 994 2235 1031 Romanino,

637 1048 710 1080 ord.
727 1049 760 1079 et
777 1047 823 1079 di.
842 1047 1092 1087 praedictorum,
1112 1045 1272 1077 dimittat.
1292 1046 1346 1084 (A.
1362 1046 1412 1082 22,
1433 1045 1455 1075 f.
1473 1046 1533 1076 287
1551 1050 1563 1065 ⁸
1575 1054 1584 1080 3
1605 1044 1640 1077 V.
1658 1046 1709 1082 78,
1728 1054 1780 1084 ep.
1797 1045 1885 1085 ⁴58.)

681 1098 821 1131 21216.
841 1117 878 1123 -
894 1099 930 1131 S.
949 1099 1063 1140 Anqeli
1077 1099 1113 1130 de
1134 1098 1316 1129 Lombardis
1330 1102 1359 1128 et
1382 1097 1490 1129 Vican.
1508 1098 1587 1138 ep.is
1613 1098 1726 1129 mand.
1755 1100 1792 1130 ut
1818 1099 2015 1131 confirment
2040 1100 2239 1132 electionem

637 1155 772 1187 Mathaei
791 1154 832 1185 de
846 1153 1015 1186 Romania
1033 1161 1124 1184 mon.
1146 1153 1291 1184 monast.
1311 1151 1343 1183 S.
1366 1151 1410 1182 M.
1428 1151 1469 1182 de
1493 1151 1643 1191 Capellis
1668 1160 1773 1192 prope
1793 1152 1985 1192 Neapolim,
2013 1153 2052 1185 Ο.
2077 1154 2111 1185 S.
2131 1154 2183 1190 B.,
2198 1153 2240 1184 ad

639 1207 811 1240 abbatiam
827 1208 974 1238 monast.
992 1206 1025 1238 S.
1046 1206 1089 1237 M.
1100 1206 1135 1237 in
1150 1205 1243 1242 llice,
1258 1205 1303 1236 ad
1317 1205 1358 1236 R.
1373 1205 1412 1236 E.
1425 1204 1520 1236 nullo
1538 1205 1650 1236 medio
1664 1205 1800 1244 pertin.,
1819 1205 1899 1236 dicti
1916 1206 2000 1243 ord.‚
2015 1206 2160 1238 Consan.
2178 1207 2238 1244 di.,

638 1270 709 1293 vac.
729 1269 789 1301 per
806 1260 934 1292 obitum
950 1259 1051 1291 Lucae
1061 1269 1071 1296 3
1091 1259 1200 1291 eidem
1224 1258 1314 1290 enim
1338 1257 1480 1289 Mathaeo
1505 1266 1589 1289 suus
1618 1257 1734 1294 abbas,
1765 1267 1784 1289 a
1811 1258 1866 1290 sui
1882 1260 2027 1290 monast.
2045 1259 2237 1291 administr.

639 1323 840 1355 suspensus,
872 1313 1045 1345 licentiam
1075 1312 1309 1344 consentiendi
1334 1311 1493 1343 electioni
1516 1311 1684 1351 praedictae
1709 1311 1889 1344 concedere
1916 1312 2080 1352 nequivit.
2106 1313 2160 1352 (A.
2189 1314 2240 1351 22,

638 1369 663 1400 f.
683 1369 743 1400 290
756 1373 784 1406 *ς
808 1367 840 1398 V.
859 1368 910 1405 78,
931 1376 984 1407 ep.
1002 1366 1089 1406 469.)

682 1418 825 1452 21217.
842 1439 880 1444 -
899 1419 1063 1455 Potestati,
1082 1418 1221 1456 consilio,
1243 1418 1394 1449 communi
1410 1423 1438 1449 ec
1455 1417 1663 1458 sinqularibus
1680 1427 1764 1458 pers.
1785 1418 1878 1449 castri
1895 1418 2153 1459 Mentissalconis,
2171 1419 2241 1450 Bal-

639 1484 800 1515 neoreqen.
816 1473 874 1512 di.,
891 1474 980 1514 quod
999 1474 1050 1505 est
1066 1472 1237 1512 peculiare
1255 1471 1443 1503 dominium
1459 1471 1501 1503 R.
1519 1471 1558 1502 E.
1576 1472 1609 1502 et
1624 1472 1659 1502 in
1674 1480 1741 1511 quo
1759 1473 1906 1503 rectores
1919 1472 2121 1504 Patrimonii
2134 1473 2166 1504 b.
2181 1473 2240 1505 Pe-

638 1528 684 1560 tri
701 1529 736 1559 in
751 1528 876 1559 Tuscia
891 1526 933 1558 ab
951 1525 1216 1558 immemorabili
1243 1526 1490 1556 consueverunt
1505 1533 1582 1556 cum
1599 1533 1660 1555 sua
1675 1525 1769 1555 curia
1786 1524 1948 1561 residere,
1965 1527 2143 1558 cassantur
2158 1526 2242 1557 obli-

639 1581 792 1622 gationes
808 1580 850 1612 ab
868 1579 955 1619 ipsis
973 1579 1067 1610 factae
1082 1586 1143 1618 per
1159 1585 1244 1617 quas
1271 1576 1334 1608 sub
1357 1577 1471 1608 favore
1493 1577 1718 1616 quorumdam
1737 1577 1919 1609 rebellium
1940 1578 2005 1610 fuit
2027 1579 2154 1610 dictum
2171 1587 2239 1610 cas·

640 1637 730 1666 trum
746 1633 907 1674 potestati
917 1634 948 1664 et
960 1631 1132 1664 communi
1141 1629 1328 1663 Viterbien.
1342 1630 1376 1660 in
1387 1629 1544 1670 pluribus
1554 1629 1776 1661 servitutibus
1786 1630 1935 1662 realibus
1947 1632 1979 1662 et
1990 1631 2240 1671 personalibus,

641 1689 673 1720 et
688 1687 837 1719 maxime
854 1686 888 1717 in
906 1685 1068 1718 electione
1083 1683 1288 1724 potestariae‚
1305 1684 1338 1715 et
1352 1683 1543 1723 portatione
1559 1691 1596 1714 ac
1612 1682 1748 1714 datione
1776 1683 1952 1723 quusdam
1972 1684 2070 1724 pallii
2097 1685 2242 1725 singulis

642 1741 752 1778 annis,
767 1740 851 1772 etin
872 1739 1017 1771 tenendo
1042 1740 1170 1769 terram
1196 1737 1318 1768 fultam
1344 1736 1396 1768 vel
1410 1745 1563 1774 vacuam,
1596 1735 1806 1768 submissum
1832 1738 1865 1769 et
1892 1737 1995 1768 etiam
2012 1737 2239 1778 subjugatum.

643 1795 695 1834 (A.
714 1795 766 1831 22,
783 1794 806 1825 f.
824 1795 883 1825 293
899 1797 928 1830 ⁸3
951 1792 984 1824 V.
1000 1793 1050 1829 78,
1070 1800 1122 1831 ep.
1138 1791 1214 1827 487,-
1228 1790 1387 1827 Theiner,
1405 1789 1508 1821 Codex
1523 1789 1742 1830 diplomaticus
1752 1789 1880 1821 dominii
1898 1790 2075 1831 temporalis
2090 1791 2125 1822 S.
2141 1791 2242 1829 Sedis,

641 1849 666 1880 t.
681 1848 708 1885 Ι,
726 1856 758 1887 p.
777 1849 848 1883 536,
862 1846 934 1877 doc.
953 1844 1116 1884 DCCXI.)

687 1897 826 1930 21218.
844 1917 883 1922 -
899 1898 1016 1929 loanni
1030 1897 1096 1938 reqi
1118 1896 1267 1927 Bohemiae
1282 1896 1404 1927 indult.
1422 1896 1568 1936 eligendi
1585 1896 1824 1928 confessorem.
1844 1897 1882 1937 (A
1910 1898 1959 1935 22,
1977 1896 1999 1928 f.
2018 1898 2076 1929 370
2093 1902 2120 1934 ³3
2146 1897 2177 1928 V.
2192 1899 2243 1935 78,

643 1963 695 1994 ep.
711 1954 796 1992 523.)

687 2004 828 2037 21219.
844 2023 883 2029 -
898 2005 1010 2036 Eidem
1027 2003 1197 2035 indultum
1214 2004 1251 2035 ut
1266 2003 1428 2043 praefatus
1451 2002 1625 2034 confessor
1641 2002 1747 2034 semel
1768 2002 1802 2033 in
1824 2003 1944 2034 mortis
1970 2004 2112 2034 articulo
2138 2004 2246 2044 possit

644 2061 710 2101 ipsi
727 2061 863 2100 plenam
878 2058 1117 2090 remissionem
1131 2057 1347 2097 peccatorum
1362 2056 1556 2088 concedere.
1581 2056 1634 2093 (A.
1653 2057 1703 2092 22,
1724 2055 1747 2087 f.
1768 2057 1827 2087 370
1843 2061 1872 2093 ⁸3
1895 2056 1927 2088 V.
1945 2057 1994 2093 78,
2011 2065 2062 2096 ep.
2080 2058 2166 2097 52⁴.)

689 2111 827 2145 21220.
847 2130 886 2136 -
903 2110 1041 2144 Arnaldo
1057 2110 1094 2142 de
1108 2120 1131 2141 s.
1150 2110 1236 2141 Jorio
1249 2110 1358 2150 gratia
1374 2118 1471 2149 exsp.
1489 2109 1671 2149 prioratus,
1691 2100 1750 2140 velv
1762 2109 1867 2149 dign„
1884 2118 1944 2141 seu
1962 2111 2175 2149 personatus,
2190 2111 2247 2141 aut

645 2167 850 2203 administr.‚
871 2166 943 2197 sive
959 2165 1013 2196 off.
1030 2164 1084 2196 vel
1101 2164 1227 2202 benef.,
1244 2172 1272 2195 c.
1292 2172 1320 2194 c.
1338 2163 1392 2194 vel
1409 2171 1437 2194 s,
1456 2171 1498 2200 c.,
1514 2163 1637 2202 pertin.
1655 2163 1696 2194 ad
1712 2162 1825 2194 collat.
1842 2162 1919 2194 abb.
1936 2164 1968 2194 et
1984 2171 2080 2195 conv.
2100 2165 2245 2195 monast.

645 2221 885 2257 Marciliacen.,
907 2219 946 2252 O.
961 2219 994 2250 S.
1012 2219 1063 2255 B.‚
1082 2218 1260 2250 Caturcen.
1276 2217 1336 2255 di.,
1356 2216 1452 2256 quus
1480 2225 1570 2247 mon.
1589 2216 1716 2248 existit.
1748 2233 1786 2237 -
1811 2216 1838 2247 I.
1865 2225 1893 2248 e.
1914 2225 1959 2247 m.
1977 2216 2102 2248 decano
2124 2216 2248 2248 Colim-

645 2275 767 2312 brien„
786 2275 818 2306 et
832 2273 958 2304 archid.
975 2272 1015 2303 de
1032 2271 1289 2310 Montepensato
1306 2270 1496 2304 caturcen„
1514 2278 1552 2300 ac
1570 2269 1763 2301 Raimundo
1779 2270 1819 2300 de
1837 2269 2076 2306 Columberiis,
2093 2278 2165 2301 can.
2182 2270 2247 2301 Au-

645 2328 844 2360 tisiodoren.
862 2326 942 2358 eccl.
963 2325 1016 2366 (A.
1031 2326 1080 2362 22,
1099 2324 1123 2355 f.
1140 2325 1198 2356 337
1215 2323 1246 2360 ¹³,
1269 2323 1306 2355 V.
1326 2324 1378 2360 78,
1395 2331 1447 2362 ep.
1464 2323 1551 2361 616.)

691 2377 832 2411 21221.
852 2397 891 2402 -
911 2377 1100 2410 Raimundus
1115 2369 1157 2408 ἀέ
1172 2376 1323 2408 Gauriaco
1336 2375 1541 2408 transfertur
1554 2384 1572 2407 e
1588 2375 1792 2407 monasterio
1809 2376 1849 2407 de
1865 2375 2076 2413 Marsilhaco,
2093 2376 2132 2408 Ο.
2147 2377 2180 2408 S.
2196 2377 2247 2413 B.,

646 2435 823 2467 Caturcen.
840 2433 900 2471 di..
918 2432 960 2463 ad
977 2432 1121 2463 monast.
1138 2430 1324 2470 Figiacen„
1343 2429 1537 2460 Cluniacen.
1567 2429 1654 2466 ord.‚
1676 2429 1783 2469 ejusd.
1806 2429 1865 2464 di.,
1888 2428 1986 2468 eique
2012 2429 2099 2460 conf.
2120 2430 2245 2469 priora·

646 2489 703 2520 tus
718 2496 746 2519 s.
764 2487 853 2526 Lupi
869 2486 980 2518 eidem
1003 2484 1148 2516 monast.
1178 2483 1349 2523 Figiacen.
1373 2482 1568 2513 immediate
1596 2482 1780 2522 subjectus,
1806 2482 2001 2514 Cluniacen.
2024 2482 2109 2520 ord.‚
2126 2482 2249 2514 Ruthe-

648 2550 724 2573 nen.
745 2540 803 2578 di.,
820 2548 880 2580 per
894 2538 1143 2579 promotionem
1160 2536 1298 2569 Geraldi
1317 2536 1359 2567 ad
1372 2535 1543 2566 abbatiam
1559 2535 1661 2575 hujus
1672 2534 1871 2567 monasterii
1887 2543 2010 2566 vacans
2026 2536 2058 2566 et
2073 2543 2133 2575 per
2148 2535 2249 2566 istius

648 2595 794 2626 monast.
815 2601 906 2625 mon.
922 2591 999 2632 gub.
1015 2591 1208 2623 consuetus.
1227 2607 1264 2613 ——
1280 2589 1307 2620 I.
1325 2597 1354 2620 e.
1373 2597 1418 2620 m.
1437 2588 1512 2620 abb.
1532 2589 1678 2619 monast.
1696 2588 1737 2620 de
1753 2587 1973 2625 Marsilliaco,
1992 2587 2169 2620 Caturcen.
2188 2588 2247 2627 di.,

649 2649 683 2680 et
692 2646 879 2679 Guillelmo
897 2645 937 2677 de
953 2644 1129 2682 Concosio,
1148 2643 1292 2683 Aquen,
1306 2651 1344 2673 ac
1352 2640 1504 2674 Ratterio
1521 2641 1561 2673 de
1575 2641 1765 2678 Belloforti,
1777 2642 1926 2673 Vauren.
1942 2640 2021 2672 eccl.
2039 2649 2113 2672 can.
2132 2641 2185 2679 (A.
2197 2641 2248 2679 22,

649 2701 673 2733 f.
689 2701 748 2732 284
765 2702 797 2732 et
815 2701 874 2731 317
890 2704 920 2735 ³;
945 2698 980 2730 V.
997 2699 1049 2736 78,
1065 2706 1118 2737 ep.
1142 2697 1227 2736 432.)

693 2750 832 2784 21222.
862 2770 901 2776 -
932 2750 1132 2787 Raimundus,
1160 2759 1248 2790 epm
1275 2748 1420 2784 Ilerden„
1450 2747 1639 2779 absolvitur
1664 2755 1683 2778 a
1708 2747 1901 2787 Juramento
1930 2746 2082 2786 praestito
2113 2746 2153 2778 de
2182 2755 2249 2778 non

650 2806 841 2839 alienandis
868 2805 968 2836 bonis
994 2804 1075 2836 eccl.
1104 2812 1182 2840 suae,
1212 2803 1364 2834 Romano
1390 2800 1554 2832 Pontifice
1576 2799 1779 2831 inconsulto.
1802 2799 1856 2839 (A.
1882 2800 1931 2837 22,
1959 2798 1981 2829 f.
2007 2800 2066 2830 237
2085 2798 2114 2836 b;
2138 2799 2174 2830 V.
2198 2801 2248 2837 78,

650 2868 668 2892 e
697 2885 703 2892 .
718 2861 790 2891 448.

670 2862 834 2943 Ρ212133.
854 2929 892 2933 -
905 2910 989 2942 Idem
1005 2919 1093 2951 epm
1107 2909 1297 2941 absolvitur
1310 2915 1329 2938 a
1338 2907 1531 2947 juramento
1542 2905 1704 2937 visitandi
1721 2903 1951 2944 apostolorum
1968 2903 2087 2935 limina
2105 2905 2250 2945 singulis

652 2966 760 2998 annis.
777 2966 832 3006 (A.
849 2967 900 3003 22,
921 2965 943 2996 f.
963 2965 1021 2996 237
1038 2963 1075 3000 b,
1098 2962 1135 2994 V.
1155 2963 1205 3000 78,
1225 2970 1278 3001 ep.
1296 2959 1383 2999 449.)

366 3060 514 3090 JOANle
534 3060 619 3088 xxu.
637 3076 670 3081 —
691 3060 723 3087 T.
745 3059 779 3088 V.
2076 3050 2110 3077 35
