2592 3562
307 552 343 580 13
362 560 424 580 nov.
443 551 531 580 1324.

306 712 342 739 13
358 719 423 740 nov.
443 698 531 740 1324,

307 925 343 952 14
359 932 422 952 nov.
443 924 532 958 1324.

306 1138 342 1165 14
359 1146 422 1166 nov.
444 1137 532 1166 1324.

341 1182 402 1210 Ind.
417 1182 490 1210 vn·.

305 1297 342 1325 15
360 1305 423 1325 ηου.
442 1297 530 1325 1324.

342 1342 402 1370 Ind.
418 1342 491 1372 V11·.

377 1458 412 1486 Ut
429 1466 453 1487 S.

305 1565 343 1592 16
359 1573 422 1592 που.
442 1565 530 1594 1324.

345 1610 407 1639 Iud.
423 1609 495 1637 VII*-

377 1672 413 1700 Ut
430 1680 453 1699 s.

308 1725 344 1752 16·
359 1733 423 1753 nov.
443 1725 531 1754 1324.

305 1886 318 1911 1
326 1884 342 1911 7
359 1892 423 1913 που.
443 1885 532 1913 1324.

248 2097 298 2124 Die
316 2097 456 2125 dominica
475 2099 511 2126 18
525 2107 590 2129 που.

295 2141 382 2174 1324,
395 2141 455 2170 ind.
474 2142 546 2170 VH·-

379 2203 416 2232 Ut
436 2212 460 2232 s.

308 2417 344 2445 18
364 2425 426 2445 ηου.
448 2417 535 2445 1324.

344 2462 406 2490 Ind.
424 2461 496 2490 V11·.

307 2523 344 2552 18
360 2532 425 2552 nov.
446 2523 534 2552 1324.

346 2569 407 2596 Ind.
427 2568 498 2597 vn·.

384 2630 420 2658 Ut
434 2638 458 2658 s.

383 2736 420 2764 Ut
437 2745 460 2764 s.

381 2788 419 2817 Ut
437 2797 460 2816 s.

311 2837 347 2866 18
363 2845 426 2866 nov.
447 2837 535 2868 1324.

482 358 734 390 APPENDICES
757 358 812 389 AD
835 359 981 391 NONUM
1004 360 1198 392 BULLARII
1220 362 1393 393 JOANNIS
1415 363 1506 393 XXII
1529 364 1686 395 ANNUM.
1711 383 1748 387 —
1769 367 2007 407 (1316-1334)
2193 372 2255 402 459

705 549 842 582 23233.
860 569 898 575 -
916 553 1077 584 Instrum.
1103 553 1396 585 membranaceum
1414 563 1555 594 parvum
1575 565 1640 595 quo
1656 559 1787 588 constat
1805 558 1997 598 Stephanum
2026 559 2185 598 Vilatonis,
2206 561 2252 592 vi-

660 605 791 636 carium
812 606 955 636 Joannis
975 606 1043 645 ep.i
1063 606 1235 645 Rivensis,
1252 607 1420 646 recepisse
1438 608 1570 639 litteras
1588 610 1791 648 apostolicas
1809 611 1848 642 de
1869 611 2097 650 publicatione
2122 622 2255 652 proces·

660 667 760 689 suum
780 659 897 690 contra
920 658 1009 690 filios
1025 659 1159 690 Mathaei
1175 659 1215 690 de
1231 659 1510 691 Vicecomitibus.
1526 661 1684 700 (Armario
1702 662 1737 699 C,
1750 663 1827 702 fasc.
1847 665 1899 699 45,
1919 675 1951 694 η.
1969 665 2014 704 9.)

706 708 842 741 23234.
860 729 899 733 -
914 711 1044 743 Littera
1059 713 1096 743 B.
1116 711 1183 750 ep.i
1201 712 1411 743 Lodovensis
1428 713 1469 743 ad
1491 714 1528 744 B.
1553 714 1759 753 archiepum
1781 716 1975 748 Narbonen.
2002 718 2042 749 de
2065 719 2255 758 receptione

659 773 882 804 processuum
901 767 1018 795 contra
1041 765 1250 796 Ludovicum
1274 765 1394 796 ducem
1413 766 1563 797 Bavariae
1588 769 1620 797 et
1642 767 1731 798 filios
1759 769 1892 800 Mathaei
1918 770 1957 800 de
1978 771 2254 803 vicecomitibus.

659 818 784 849 Datum
802 818 892 857 apud
907 818 1110 849 Laurosium
1125 820 1285 855 castrum,
1302 818 1511 849 Lodovensis
1526 819 1585 856 di.,
1601 820 1655 851 die
1669 821 1789 851 martis
1807 821 1842 851 in
1856 822 1941 853 festo
1954 822 2045 854 beati
2056 824 2155 855 Britii
2169 833 2255 856 anno

659 871 798 902 Domini
818 873 907 909 1324,
923 871 1066 902 ‚Ioannis
1079 871 1179 902 XXII
1192 879 1279 902 anno
1294 879 1392 902 nono.
1410 871 1567 910 (Armario
1586 872 1621 908 C,
1636 873 1713 911 fasc.
1731 875 1782 910 52,
1801 884 1831 903 η.
1851 876 1886 905 11
1898 884 1904 910 ς
1917 885 2004 915 perq.
2018 877 2176 916 parvum.)

705 922 841 954 23235.
859 942 898 947 -
920 925 1083 955 Instrum.
1099 932 1166 964 quo
1181 926 1311 957 constat
1323 924 1490 965 officialem
1507 925 1748 956 Lombariensem
1767 928 1934 966 recepisse
1946 937 2126 967 processus
2141 932 2257 961 contra

659 978 749 1009 filios
763 978 915 1018 praedicti
930 977 1075 1009 Mathaei.
1096 978 1220 1009 Datum
1236 978 1290 1008 die
1303 978 1464 1009 mercurii
1479 980 1557 1010 1324
1572 981 1648 1017 post
1674 980 1799 1010 festum
1814 980 1903 1012 beati
1924 981 2060 1012 Martini
2076 982 2255 1022 hyemalis.

659 1031 817 1072 (Armario
837 1030 872 1068 C,
888 1030 967 1070 fasc.
980 1032 1031 1068 45,
1045 1040 1076 1061 n.
1094 1032 1132 1060 14
1143 1040 1152 1067 ;
1178 1040 1266 1071 μεν-9.
1289 1041 1419 1071 parvum
1435 1041 1503 1062 cum
1519 1032 1598 1061 vitta
1623 1032 1848 1063 membranacea
1866 1043 1903 1063 ex
1920 1043 1980 1073 qua
1998 1034 2111 1074 pendet
2122 1034 2257 1075 sigillum

659 1086 801 1122 cereum.)
1189 1074 1194 1079 ι

704 1134 842 1167 23236.
860 1154 898 1158 -
914 1137 1183 1168 Instrumentum
1199 1137 1472 1176 praesentationis
1490 1146 1712 1177 processuum
1732 1140 1848 1170 contra
1864 1139 2072 1170 Ludovicum
2087 1141 2256 1172 Bavarum

614 1204 616 1206 ·
659 1190 751 1221 Petro
769 1189 806 1221 de
822 1189 940 1227 Trebio,
965 1190 1125 1229 potestati
1142 1190 1245 1221 castri
1263 1190 1402 1227 Litaldi,
1419 1191 1477 1230 qui
1495 1190 1576 1221 illos
1587 1191 1641 1222 die
1659 1197 1720 1222 xv¹
1734 1192 1840 1231 ejusd.
1856 1193 1985 1223 mensis
1998 1193 2032 1223 in
2048 1193 2158 1232 platea
2176 1194 2258 1225 dicti

659 1243 762 1274 castri
781 1243 977 1282 publicavit.
996 1242 1154 1284 (Ar-mario
1175 1243 1211 1279 C,
1227 1243 1305 1283 fasc.
1323 1245 1375 1279 50,
1393 1254 1424 1274 n.
1445 1245 1485 1281 9;
1505 1253 1592 1284 per-9.
1613 1244 1762 1284 lonqum.)

687 1294 824 1326 23237.
846 1313 885 1318 —-
900 1296 1063 1327 Instrum.
1083 1296 1257 1336 publicum
1273 1297 1313 1327 de
1337 1296 1566 1336 publicatione
1586 1306 1808 1336 processuum
1835 1299 1951 1329 contra
1973 1299 2182 1330 Ludovicum
2200 1299 2258 1330 du-

659 1358 731 1381 cem
749 1349 901 1381 Bavariae
915 1350 951 1380 in
966 1351 1077 1381 castro
1093 1349 1323 1390 Castangnoli.
1339 1349 1499 1388 (Armario
1515 1349 1550 1388 C,
1567 1350 1646 1390 fasc.
1664 1353 1714 1385 59,
1730 1361 1761 1382 η.
1778 1352 1816 1382 16
1825 1360 1834 1386 ;
1858 1361 1944 1391 perq.
1965 1352 2114 1389 strictum,
2130 1353 2183 1382 sed
2198 1352 2260 1383 lon-

658 1403 755 1444 qum.)

703 1453 843 1486 23238.
864 1456 1001 1487 —Item
1021 1456 1056 1486 in
1073 1456 1208 1487 civitate
1224 1457 1388 1488 Nuceriae.
1406 1457 1564 1497 (Armario
1591 1456 1628 1492 C,
1646 1457 1724 1496 fasc.
1746 1459 1796 1494 51,
1816 1467 1846 1487 n.
1868 1459 1887 1488 9
1898 1467 1907 1493 ;
1928 1467 2017 1497 perq.
2041 1458 2190 1493 strictum,
2209 1457 2262 1489 sed

660 1509 812 1550 lorcyum.)
1690 1527 1695 1531 ·

705 1560 842 1593 23239.
860 1580 899 1585 -
913 1563 999 1593 Item
1015 1562 1051 1593 in
1063 1565 1173 1594 castro
1189 1563 1325 1594 Litaldi.
1345 1563 1501 1600 (Armario
1515 1563 1550 1601 C,
1565 1563 1643 1603 fasc.
1662 1565 1713 1601 54,
1729 1574 1759 1593 n.
1778 1565 1816 1594 22
1823 1573 1831 1600 ;
1842 1574 1933 1604 pery.
1953 1564 2101 1604 lonqum.)

706 1668 841 1700 23240.
858 1689 894 1694 -
913 1671 999 1702 Item
1017 1670 1052 1701 in
1070 1671 1182 1700 castro
1197 1670 1286 1701 Jani.
1303 1669 1464 1710 (Armario
1480 1668 1515 1704 C,
1533 1670 1611 1710 fasc.
1635 1672 1686 1705 53,
1706 1681 1737 1701 n.
1755 1672 1811 1707 323
1830 1672 1933 1711 perq.)

705 1721 841 1754 23241.
859 1742 896 1746 -
915 1724 1077 1754 Instrum.
1098 1722 1392 1754 membranaceum
1414 1731 1556 1762 parvum
1584 1732 1649 1762 quo
1676 1725 1805 1754 constat
1833 1723 2026 1754 Guillelmum
2045 1723 2194 1761 Cabiroli,
2212 1724 2261 1755 vi-

659 1778 787 1809 carium
803 1777 981 1809 Guillelmi
997 1776 1065 1815 ep.i
1082 1775 1335 1812 Montisalbani,
1365 1776 1399 1806 in
1422 1776 1562 1806 remotis
1588 1776 1729 1815 agentis,
1755 1776 1924 1815 recepisse
1951 1785 2130 1816 processus
2146 1779 2261 1809 contra

660 1831 750 1862 filios
766 1830 899 1862 Mathaei
918 1830 958 1861 de
977 1829 1254 1866 vicecomitibus,
1271 1831 1307 1861 ut
1323 1829 1473 1868 publicet
1489 1828 1579 1860 illos.
1600 1829 1760 1868 (Ar-mario
1777 1829 1812 1865 C,
1827 1830 1904 1869 fasc.
1920 1831 1971 1866 45,
1988 1840 2018 1859 η.
2038 1830 2100 1868 17.)

706 1881 841 1913 23242.
859 1901 898 1906 -
913 1884 1076 1914 Instrum.
1095 1891 1161 1922 quo
1182 1883 1313 1913 constat
1331 1880 1527 1912 Guillelmum
1542 1881 1652 1917 Amici,
1676 1882 1842 1915 vicarium
1865 1883 2003 1922 Rogerii
2025 1883 2093 1922 ep.i
2112 1883 2260 1914 Vauren-

661 1938 721 1972 sis,
739 1937 910 1976 recepisse
926 1936 1059 1967 litteras
1077 1936 1199 1975 apost.‚
1220 1943 1304 1974 quas
1320 1935 1488 1974 promittit
1512 1935 1709 1974 adimplere,
1729 1935 1768 1966 de
1794 1935 2021 1974 publicatione
2039 1944 2260 1975 processuum

661 1992 779 2022 contra
792 1989 882 2021 filios
898 1989 1033 2020 Mathaei
1054 1988 1095 2020 de
1116 1987 1394 2020 vicecomitibus.
1412 1988 1537 2018 Datum
1555 1993 1625 2018 X1v⁸
1644 1987 1698 2018 die
1714 1988 1827 2019 exitus
1843 1989 1971 2019 mensis
1988 1997 2063 2019 nov.
2081 1989 2170 2019 1324.
2186 1989 2260 2028 (Ar-

661 2044 759 2075 mario
779 2043 816 2080 C,
831 2043 910 2082 fase.
926 2044 978 2078 45,
994 2052 1024 2073 n.
1041 2043 1179 2082 8,·perq.
1194 2040 1355 2082 parvum.)

707 2093 842 2125 23243.
864 2113 903 2118 --
925 2096 1192 2126 Instrumentum
1209 2094 1452 2134 publicationis
1475 2103 1695 2133 processuum
1719 2096 1835 2125 contra
1854 2094 2062 2126 Ludovicum
2090 2095 2257 2125 Bavarum

661 2150 698 2181 in
713 2149 791 2181 eccl.
810 2148 921 2188 plebis
935 2149 1111 2184 Hosentis.
1134 2148 1168 2185 (A
1176 2148 1291 2178 rmario
1310 2147 1346 2186 C,
1364 2147 1441 2186 fasc.
1461 2148 1512 2182 54,
1531 2157 1562 2177 η.
1577 2149 1633 2183 27,
1648 2157 1735 2187 per-y.
1757 2148 1907 2182 strictum,
1926 2147 1978 2177 sed
1994 2147 2144 2187 lonyum.)

684 2231 687 2234 ,
707 2198 847 2232 23244.
863 2220 901 2224 -
917 2201 1080 2232 Instrum.
1096 2200 1338 2240 publicationis
1356 2209 1578 2239 processuum
1594 2202 1711 2231 contra
1733 2201 1940 2232 Ludovicum
1968 2201 2085 2231 ducem
2109 2201 2260 2231 Bavariae

662 2256 699 2286 in
713 2255 792 2286 eccl.
809 2254 843 2286 S.
863 2254 908 2285 M.
926 2253 1133 2293 Magdalenae
1147 2253 1188 2284 de
1207 2253 1355 2293 EmpoH,
1374 2253 1414 2285 O.
1431 2253 1464 2284 S.
1481 2254 1522 2284 A.
1541 2253 1666 2284 Datum
1683 2253 1736 2284 die
1752 2253 1918 2284 dominica
1933 2254 1969 2283 18
1991 2262 2067 2284 nov.
2084 2254 2174 2290 1324,
2190 2253 2259 2284 ind.

662 2308 770 2344 V111=‚
799 2307 985 2338 secundum
1014 2315 1143 2337 morem
1172 2308 1204 2337 et
1231 2306 1511 2337 consuetudinem
1537 2307 1731 2337 Florentiae.
1758 2306 1914 2344 (Armario
1933 2306 1969 2343 C,
1986 2306 2063 2345 fasc.
2087 2307 2183 2342 51‚n.
2201 2307 2241 2337 26
2250 2314 2259 2342 ;

659 2361 766 2402 perq.)

708 2410 843 2443 23245.
867 2431 906 2436 -
923 2413 1086 2443 Instrum.
1104 2411 1346 2450 publicationis
1361 2419 1582 2450 processuum
1599 2413 1715 2443 contra
1733 2412 1943 2443 Ludovicum
1959 2413 2124 2443 Bavarum
2141 2413 2174 2442 in
2191 2411 2258 2450 pla-

662 2469 716 2499 tea
733 2466 836 2498 castri
851 2465 987 2498 Gualdi.
1007 2465 1165 2506 (Armario
1185 2463 1221 2502 C,
1237 2464 1314 2504 fasc.
1331 2465 1383 2503 58,
1410 2475 1441 2494 n.
1460 2466 1495 2494 11
1506 2474 1515 2500 ;
1537 2474 1624 2505 perq.
1642 2464 1791 2505 lonyum.)

707 2516 844 2548 23246.
861 2535 900 2540 -
918 2519 1004 2549 Item
1022 2518 1058 2549 in
1073 2517 1185 2557 platea
1199 2517 1319 2557 majori
1335 2518 1433 2548 terrae
1447 2516 1583 2553 Gualdi,
1611 2517 1771 2548 Nucerin.
1802 2518 1847 2548 di.
1875 2517 2030 2556 (Ar-mario
2060 2517 2095 2554 C,
2113 2517 2191 2557 fasc.
2208 2518 2259 2554 56,

663 2583 694 2604 η.
710 2576 730 2605 4
741 2583 753 2613 ,·
763 2571 865 2613 perq.)

708 2622 843 2655 23247.
860 2642 899 2648 -
915 2625 1002 2656 Item
1026 2623 1061 2654 in
1087 2625 1198 2655 castro
1224 2623 1322 2654 collis
1346 2622 1564 2659 MarchioniS,
1595 2623 1809 2663 Fulginaten.
1838 2623 2024 2654 districtus.
2052 2622 2208 2662 (Ar-mario
2223 2621 2261 2661 C,

662 2681 740 2721 fasc.
758 2680 810 2716 55,
826 2688 858 2709 n.
872 2679 909 2715 4;
926 2687 1019 2719 perq.
1039 2676 1188 2717 lonqum.)

708 2728 847 2762 23248.
866 2748 905 2754 -
923 2731 1010 2762 Item
1027 2730 1062 2761 in
1077 2731 1166 2761 terra
1182 2729 1396 2766 Saxiferrati,
1414 2729 1573 2760 Nucerin.
1592 2729 1638 2760 di.
1657 2729 1816 2768 (Armario
1834 2727 1869 2765 C,
1885 2728 1962 2768 fasc.
1984 2728 2034 2763 58,
2054 2737 2083 2756 n.
2105 2729 2140 2764 ὃς
2156 2726 2261 2767 perq.)

709 2782 846 2815 23249.
868 2801 903 2807 -
921 2784 1007 2815 Item
1022 2783 1057 2814 in
1073 2783 1185 2823 platea
1202 2782 1295 2814 civit.
1314 2782 1482 2823 Fulginei.
1503 2782 1539 2820 (Α
1547 2782 1659 2812 rmario
1677 2781 1712 2820 C,
1731 2782 1809 2822 fasc,
1826 2783 1876 2816 59,
1897 2791 1928 2811 n.
1947 2781 1984 2810 15
1997 2789 2007 2816 3
2019 2781 2124 2819 pery.)
2160 2795 2162 2798 >

708 2835 847 2869 23250.
864 2856 902 2861 -
920 2837 1084 2868 Instrum.
1101 2836 1141 2867 de
1157 2835 1386 2876 publicatione
1397 2843 1620 2874 processuum
1636 2836 1751 2866 contra
1765 2834 1856 2865 filios
1872 2832 2003 2864 Mathaei
2021 2832 2059 2862 de
2076 2832 2261 2863 Vicecomi·

664 2892 757 2923 tibus
773 2892 807 2922 in
822 2890 957 2931 paroch.
977 2890 1057 2921 eccl.
1074 2890 1112 2921 B.
1130 2889 1174 2920 Μ.
1192 2889 1232 2920 de
1250 2888 1472 2920 Mercataliin
1488 2887 1580 2919 civit.
1598 2888 1853 2927 Appamiarum.
1871 2886 1994 2917 Datum
2009 2885 2062 2915 die
2079 2885 2258 2921 dominica,

664 2945 744 2977 XIV
761 2944 829 2976 kal.
847 2944 918 2975 dec.
938 2944 1027 2980 1324,
1047 2943 1123 2974 ante
1140 2942 1265 2973 festum
1283 2941 1388 2973 beatae
1402 2934 1588 2973 Catherinae
1607 2940 1760 2980 virginis,
1779 2938 1920 2970 Joannis
1937 2937 2039 2969 XXII
2055 2945 2141 2968 anno
2159 2945 2257 2968 nono.

666 2998 823 3037 (Armario
843 2997 878 3034 C,
892 2997 972 3037 fasc.
989 2998 1040 3034 42,
1061 3005 1092 3026 η.
1108 2997 1143 3033 93
1158 3004 1249 3036 perq.
1267 2994 1435 3036 magnum.)

381 3091 525 3119 JOANNIS
544 3091 629 3119 xxu.
648 3106 682 3111 -
700 3091 731 3118 T.
752 3091 787 3118 V.
2087 3080 2122 3110 58

2397 0 2399 3 ’
2440 0 2592 52 Wffiffi
