2592 3562
472 337 725 370 APPENDICES
748 337 804 367 AD
827 336 972 368 NONUM
995 338 1189 369 BULLARII
1210 338 1383 369 JOANNIS
1405 339 1495 369 XXII
1519 339 1676 371 ANNUM.
1700 358 1739 364 —
1760 342 1996 382 (1316-1334)
2187 345 2248 376 457

304 531 341 559 17
359 535 411 559 oct.
433 530 521 559 1324.

337 576 398 604 Iud.
413 575 486 603 V112.

368 691 406 719 Ut
431 699 454 718 s.

367 850 403 878 Ut
424 858 447 878 S.

304 1064 341 1092 19
356 1068 409 1092 oct.
432 1064 520 1093 1324.

302 1223 340 1251 21
359 1227 413 1252 oct.
433 1223 521 1252 1324.

374 1489 411 1517 Ut
427 1497 451 1517 S.

303 1595 342 1623 23
360 1599 412 1623 oct.
433 1595 522 1624 1324.

373 1754 409 1782 Ut
427 1762 450 1782 S.

301 1965 342 1993 27
359 1969 412 1995 oct.
432 1966 520 1996 1324.

333 2010 394 2039 lud.
416 2011 486 2038 V11·.

303 2124 343 2152 27
358 2128 412 2153 oct.
433 2125 522 2154 1324.

226 2168 285 2202 (Die
294 2168 407 2197 sabbati
417 2171 485 2197 ante
495 2169 600 2198 festum

239 2212 376 2240 Omnium
392 2213 587 2250 Sanctorum.)

301 2387 342 2416 28
361 2392 415 2417 oct.
440 2389 528 2418 1324.

263 2655 302 2683 30
321 2655 494 2691 (penultima
508 2655 567 2692 die)

333 2704 385 2728 oet.
406 2700 495 2729 1324.

259 2921 298 2948 30
318 2919 376 2957 (die
395 2921 573 2959 penultima)

334 2968 386 2995 σοι.
407 2966 496 2995 1324.

701 525 838 557 23207.
861 545 898 550 -
923 527 1156 566 Transcriptio
1174 528 1349 558 sententiae
1371 528 1446 559 latae
1470 538 1555 560 anno
1576 531 1664 564 1322,
1686 530 1753 560 ind.
1776 532 1831 568 Va,
1851 533 1888 562 14
1909 532 1991 570 dec„
2014 541 2074 572 per
2089 533 2250 565 vicarium

657 581 799 612 rectoris
818 580 960 611 ducatus
977 580 1150 619 Spoletani
1167 582 1283 611 contra
1300 581 1465 620 quosdam
1479 582 1519 612 de
1536 582 1672 621 Spoleto
1685 584 1742 622 qui
1756 584 1936 615 noluerunt
1949 593 2083 616 servare
2096 585 2252 618 interdic-

656 636 727 666 tum
743 634 794 664 cui
812 634 932 664 civitas
946 633 1127 673 spoletana
1141 635 1227 664 auct.
1245 635 1353 672 apost.
1371 633 1518 673 subjecta
1538 635 1657 665 fuerat.
1672 636 1827 675 (Ar-murlo
1843 637 1878 673 C,
1893 637 1969 677 fasc.
1986 640 2037 674 65,
2049 648 2080 669 n.
2101 640 2248 679 23per9.)

702 685 826 717 23208
858 705 896 709 -
914 687 1147 725 Transcriptio
1165 687 1340 717 sententiae
1356 687 1431 718 latae
1449 687 1501 718 die
1516 689 1552 717 23
1568 688 1639 718 dec.
1663 690 1751 724 1322,
1770 689 1838 721 ind.
1856 691 1912 726 V³‚
1929 699 1988 729 per
2005 691 2168 722 vicarium
2185 700 2253 723 rec-

655 741 741 772 toris
759 741 902 771 ducatus
926 740 1098 779 Spoletani
1116 741 1232 770 contra
1259 739 1468 770 Assisinates
1489 741 1545 779 qui
1567 749 1632 771 non
1649 744 1826 772 servarunt
1849 743 2064 774 interdictum
2087 744 2140 774 cui
2163 745 2249 775 auct.

657 795 765 834 apost.
785 794 906 825 civitas
925 793 1153 824 Assisinaten.
1171 792 1322 832 subjecta
1344 792 1464 823 fuerat.
1482 793 1641 832 (Armario
1661 794 1696 831 C,
1711 795 1787 834 fasc.
1804 797 1853 831 65,
1871 806 1901 826 n.
1924 797 1960 831 5;
1976 805 2065 836 perq.
2082 798 2251 837 maynum.)

701 845 840 877 23209.
857 865 896 870 -
914 846 1147 885 Transcriptio
1166 845 1342 876 sententiae
1355 845 1431 876 latae
1447 845 1501 876 die
1517 847 1651 877 veneris
1666 848 1702 878 12
1720 856 1808 885 nov.,
1826 856 1911 879 anno
1926 850 2015 882 1322,
2031 849 2098 880 ind.
2118 850 2175 886 Va,
2191 858 2252 889 per

656 901 822 932 vicarium
848 900 989 931 rectoris
1009 900 1152 930 ducatus
1170 898 1343 938 Spoletani
1369 900 1484 929 contra
1501 899 1579 929 illos
1602 900 1659 938 qui
1678 900 1859 931 noluerunt
1879 909 2012 932 servare
2035 902 2251 933 interdictum

658 954 712 985 cui
730 955 817 985 auct.
837 954 945 993 apost.
964 953 1085 983 civitas
1100 951 1281 990 spoletana
1295 951 1445 990 subjecta
1462 951 1582 982 fuerat.
1602 952 1635 989 (A
1644 953 1756 982 rmario
1777 952 1811 989 C,
1827 953 1905 992 fasc.
1922 955 1972 990 65,
1990 963 2019 985 n.
2037 956 2073 990 33
2088 964 2176 995 per-9.
2194 955 2252 985 ali-

657 1007 837 1048 quantulum
856 1006 1035 1044 corrosum.)

702 1058 838 1090 23210.
860 1079 898 1083 -
918 1060 1054 1098 Litterae
1079 1057 1269 1098 Wiclaeeqonis
1282 1057 1347 1098 ep.i
1363 1058 1493 1088 Misnen.
1512 1058 1552 1088 de
1573 1057 1801 1097 publicatione
1819 1068 2039 1098 processuum
2058 1061 2172 1091 contra
2190 1061 2252 1092 Lu-

658 1114 813 1145 dovicum
835 1114 1005 1144 Bavarum
1031 1116 1063 1142 et
1083 1111 1318 1146 vicecomites,
1342 1111 1469 1150 scripta
1492 1111 1610 1142 Misnae
1627 1111 1661 1141 in
1679 1112 1825 1143 crastino
1843 1112 1920 1143 festi
1937 1111 2026 1143 beati
2043 1113 2140 1144 Lucae
2158 1122 2254 1145 evan-

657 1167 786 1207 gelistae
801 1167 889 1197 1324.
909 1165 1066 1205 (Ar-mario
1086 1165 1122 1202 C,
1141 1164 1218 1204 fasc.
1236 1165 1285 1203 54,
1302 1174 1333 1194 n.
1348 1165 1403 1201 14;
1418 1165 1522 1204 perq.)

702 1217 838 1248 23211.
863 1237 900 1242 -
927 1217 1113 1255 Bernardus,
1135 1217 1312 1258 archiep.us
1335 1217 1524 1254 Narbonem,
1551 1217 1688 1248 mandat
1711 1217 2013 1258 archipresbyteris
2037 1219 2252 1257 Narbonesii,

656 1272 867 1310 Minerbesii,
897 1271 1066 1304 Corbariae
1093 1271 1281 1310 superioris
1302 1272 1334 1301 et
1354 1270 1523 1302 Corbariae
1550 1270 1734 1307 inferioris,
1760 1271 1921 1302 Reddesii
1942 1272 1974 1302 et
1996 1272 2198 1303 Terminesii
2217 1274 2253 1304 ut

618 1324 619 1327 ’
655 1326 829 1366 publicent
847 1333 1029 1365 processus
1046 1325 1162 1355 contra
1178 1324 1268 1355 filios
1280 1324 1414 1355 Mathaei
1429 1324 1469 1354 de
1487 1323 1765 1355 Vicecomitibus.
1783 1324 1908 1354 Datum
1924 1324 1978 1355 die
1996 1324 2164 1356 dominica
2178 1327 2254 1364 post

657 1380 782 1411 fesium
795 1379 883 1410 beati
904 1379 1002 1409 Lucae
1019 1377 1234 1418 evangelistae
1254 1379 1343 1409 1324.
1362 1377 1519 1415 (Armario
1536 1376 1571 1413 C,
1588 1377 1665 1416 fasc.
1684 1378 1734 1411 44,
1753 1387 1782 1407 η.
1797 1379 1815 1408 9
1823 1388 1831 1413 3
1846 1387 1935 1418 ρεν9.
1953 1387 2018 1407 cum
2033 1377 2176 1417 pluribus
2195 1379 2253 1409 vit-

657 1434 695 1464 tis
710 1432 944 1463 membranaceis
957 1441 994 1462 ea:
1011 1430 1119 1472 quibus
1132 1430 1267 1472 pendent
1284 1436 1400 1461 tantum
1414 1434 1546 1471 quatuor
1559 1429 1664 1471 siqilla
1680 1440 1740 1460 non
1756 1430 1904 1470 inteyra.)

703 1483 840 1516 23212.
858 1504 897 1508 -
915 1484 999 1516 Idem
1014 1484 1194 1516 Bernardus
1209 1484 1346 1515 mandat
1362 1484 1585 1523 suffraganeis
1599 1484 1672 1514 suis
1689 1485 1725 1514 ut
1742 1483 1915 1523 publicent
1930 1484 2109 1523 praedictos
2124 1493 2255 1524 proces-

657 1549 716 1571 sus
734 1540 769 1570 in
782 1539 874 1570 civit.
889 1541 922 1570 et
938 1539 983 1570 di.
1003 1539 1087 1569 suis.
1110 1538 1268 1577 (Armario
1281 1536 1317 1574 C,
1333 1537 1412 1577 fasc.
1428 1540 1478 1574 44,
1496 1548 1526 1567 n.
1543 1538 1576 1572 2;
1590 1547 1680 1577 perq.
1697 1536 1856 1577 parvum.)

702 1590 837 1622 23213.
858 1609 894 1614 ——
916 1592 1184 1623 Instrumentum
1210 1590 1451 1631 publicationis
1474 1599 1693 1629 processuum
1718 1592 1832 1621 contra
1851 1590 2060 1621 Ludovicum
2085 1591 2255 1622 Bavarum

656 1646 778 1693 habitae
795 1646 829 1676 in
846 1646 937 1676 civit.
958 1646 991 1676 et
1009 1645 1055 1675 di.
1073 1644 1264 1676 Tolosanis.
1285 1644 1408 1675 Actum
1427 1643 1481 1674 die
1497 1643 1617 1674 martis
1634 1644 1710 1682 post
1728 1643 1851 1674 festum
1868 1643 1974 1673 sancti
1995 1643 2094 1675 Lucae
2113 1652 2253 1684 evange-

657 1700 746 1732 listae
763 1701 800 1731 23
816 1701 879 1730 oct.
898 1700 987 1730 1324.
1004 1698 1042 1738 (Α
1050 1698 1165 1728 rmario
1182 1697 1217 1732 C,
1238 1698 1314 1737 fasc.
1332 1699 1382 1733 59,
1398 1707 1428 1727 n.
1451 1699 1484 1733 7,·
1497 1706 1586 1737 per-9.
1605 1706 1669 1726 cum
1681 1695 1782 1736 siqillo
1799 1705 1894 1732 cereo,
1909 1695 1996 1726 valde
2016 1696 2164 1736 corroso.)

702 1749 840 1783 23214.
857 1770 896 1774 -
913 1752 1046 1783 Relatio
1060 1751 1303 1790 publicationis
1315 1758 1535 1790 processuum
1551 1751 1666 1780 contra
1681 1749 1771 1779 filios
1783 1749 1915 1780 Mathaei
1931 1749 1971 1780 de
1989 1749 2254 1781 Vicecomitibus

658 1807 692 1838 in
709 1806 851 1838 ecclesia
869 1814 895 1836 s.
915 1804 1032 1836 Jacobi
1052 1804 1211 1836 Tolosan.
1230 1805 1350 1834 Actum
1369 1803 1423 1833 die
1440 1803 1559 1833 martis
1571 1803 1608 1833 23
1627 1803 1691 1833 oct.
1709 1803 1796 1840 1324,
1814 1802 1882 1832 ind.
1898 1802 1987 1837 VII¹‚
2002 1802 2143 1832 Joannis
2156 1803 2255 1834 XXII

659 1868 745 1891 anno
761 1868 859 1890 nono.
882 1858 1038 1899 (Armario
1054 1857 1090 1894 C,
1110 1857 1187 1897 fasc.
1203 1858 1252 1894 42,
1271 1867 1301 1887 n.
1318 1858 1372 1891 313
1386 1866 1474 1896 perq.
1492 1865 1558 1885 cum
1573 1856 1649 1885 vilca
1665 1855 1890 1885 membranacea
1910 1865 1947 1885 ez*
1967 1865 2026 1895 qua
2042 1855 2154 1896 pendet
2170 1855 2255 1896 sigil-

658 1913 720 1943 lum
736 1913 835 1943 rubeae
850 1921 935 1948 cerae,
952 1921 1012 1941 non
1031 1911 1192 1951 lnteyrum,
1212 1910 1362 1950 archiep.i
1380 1908 1549 1948 Tolosani.)

705 1963 841 1996 23215.
862 1984 899 1988 —
914 1964 1147 2003 Transcriptio
1163 1963 1339 1994 sententiae
1355 1963 1430 1993 latae
1446 1971 1533 1993 anno
1550 1963 1628 1993 1322
1644 1962 1697 1992 die
1712 1963 1750 1992 10
1763 1971 1837 1993 nov.
1856 1970 1915 2001 per
1934 1962 2098 1992 vicarium
2114 1962 2254 1993 ducatus

657 2019 829 2059 Spoletani
847 2019 963 2050 contra
980 2018 1145 2057 quosdam
1165 2017 1204 2047 de
1222 2016 1355 2047 Assisio
1379 2016 1435 2055 qui
1455 2015 1636 2046 noluerunt
1653 2023 1787 2045 servare
1814 2014 2030 2045 interdictum
2048 2014 2100 2045 cui
2115 2015 2256 2045 auctori-

657 2074 726 2104 tate
742 2074 851 2112 apost.
869 2080 987 2103 eorum
1005 2071 1125 2101 civitas
1142 2069 1292 2109 subjecta
1307 2071 1389 2100 erat.
1407 2069 1564 2109 (Armario
1581 2068 1615 2105 C,
1632 2068 1709 2107 fasc.
1724 2070 1774 2105 69,
1788 2077 1818 2099 n.
1842 2069 1878 2103 3;
1893 2068 1997 2108 per-9.)

703 2123 841 2155 23216.
863 2142 902 2147 -
926 2124 1055 2156 Littera
1073 2123 1218 2164 officialis
1246 2122 1398 2159 Tolosani,
1422 2122 1554 2153 munita
1571 2121 1684 2161 sigillo
1712 2121 1813 2151 curiae
1841 2120 2139 2160 archiepiscopalis
2158 2120 2254 2152 Tolo-

659 2187 750 2209 sanae
765 2178 807 2208 ad
823 2178 863 2208 de
879 2177 997 2208 Insula
1016 2178 1048 2208 et
1070 2185 1098 2207 s.
1123 2176 1250 2207 Felicis
1268 2176 1388 2215 colleg.
1407 2175 1552 2206 decanos
1578 2176 1610 2205 et
1635 2174 1675 2205 de
1697 2173 1880 2210 Gardubio‚
1906 2174 1945 2204 de
1971 2173 2192 2210 Caramanno,
2216 2173 2256 2204 de

658 2230 856 2263 Viridifolio
873 2232 905 2261 et
921 2230 961 2260 de
983 2229 1232 2260 Monteastruco
1249 2228 1449 2268 archipros,
1470 2228 1509 2259 de
1527 2228 1675 2259 Granata
1691 2226 1868 2258 sacristam
1885 2235 1921 2256 ac
1937 2226 1977 2257 de
1994 2225 2137 2257 Murello
2153 2227 2257 2256 recto-

660 2293 731 2315 rem
750 2283 830 2315 eccl.
855 2284 892 2314 ut
917 2282 1090 2322 publicent
1115 2281 1181 2312 litt.
1199 2282 1306 2321 apost.
1327 2289 1412 2321 quas
1430 2281 1480 2311 eis
1502 2281 1608 2311 mittit
1626 2280 1666 2311 de
1687 2279 1904 2319 processibus
1921 2281 2034 2310 contra
2050 2279 2256 2310 Ludovicum

659 2338 828 2369 Bavarum
847 2338 878 2367 et
888 2335 1126 2368 Vicecomites.
1145 2334 1305 2375 (Armario
1319 2332 1355 2371 C,
1374 2334 1451 2374 fasc.
1467 2335 1517 2368 70,
1535 2343 1565 2363 n.
1584 2334 1715 2374 23per9.
1730 2333 1889 2373 parvum.)

705 2387 841 2419 23217.
865 2406 903 2411 -
922 2389 1049 2420 Littera
1076 2386 1230 2418 Guillelmi
1250 2386 1403 2427 archiepd
1427 2386 1610 2423 Bituricen.,
1631 2386 1704 2426 ejus
1721 2386 1835 2425 sigillo
1853 2385 1994 2422 munita,
2012 2385 2051 2415 de
2070 2385 2258 2424 receptione

659 2444 726 2474 litt.
741 2443 883 2474 ,Ioannis
896 2442 995 2481 Papae
1009 2441 1109 2472 XXII
1126 2441 1282 2471 datarum
1300 2448 1321 2470 v
1337 2439 1405 2470 kal.
1427 2447 1497 2482 apr.
1515 2448 1602 2470 anno
1620 2439 1712 2471 VIII⁰
1725 2439 1757 2470 et
1776 2438 2064 2478 promulgantium
2079 2446 2258 2477 processus

660 2498 776 2528 contra
792 2495 1003 2527 Ludovicum
1024 2495 1194 2525 Bavarum
1215 2492 1491 2533 publicationem.
1516 2492 1648 2532 Scripta
1673 2492 1727 2523 die
1744 2491 1922 2523 Dominica
1940 2492 2016 2522 ante
2042 2491 2164 2522 festum
2182 2491 2259 2522 Om-

661 2550 756 2581 nium
772 2549 972 2581 Sanctorum
990 2548 1024 2578 in
1039 2547 1120 2579 eccl.
1137 2546 1315 2586 collegiata
1330 2546 1371 2577 de
1386 2545 1482 2577 Novo
1495 2545 1590 2582 Vico,
1609 2545 1794 2576 Bituricen.
1815 2545 1860 2575 di.
1882 2544 2038 2584 (Armorio
2060 2543 2093 2579 C,
2111 2544 2188 2583 fasc.
2207 2545 2257 2581 70,

661 2614 693 2635 n.
711 2604 763 2639 103
775 2612 862 2644 perq.
877 2600 1035 2643 parvum.)

707 2653 842 2686 23218.
861 2673 897 2679 -
912 2654 1102 2694 Stephanus
1121 2653 1226 2690 Ruffi,
1244 2651 1507 2692 subcapellanus
1523 2651 1603 2682 eccl.
1617 2650 1650 2681 b.
1667 2650 1784 2682 Jacohi
1802 2651 1842 2682 de
1855 2650 2010 2687 Μαι-6110,
2030 2650 2183 2686 testatur,
2203 2657 2258 2680 no-

661 2710 751 2741 mine
769 2709 911 2740 rectoris
925 2707 1021 2739 dictae
1036 2706 1129 2743 eccl„
1149 2706 1308 2737 Tolosan.
1332 2705 1391 2742 di..
1411 2704 1580 2744 recepisse
1607 2704 1672 2735 litt.
1693 2705 1800 2743 apost.
1824 2703 1890 2734 sibi
1911 2703 2035 2733 missas
2051 2709 2111 2740 per
2134 2701 2256 2732 officia-

660 2763 727 2794 lem
744 2762 951 2793 Tolosanum
975 2760 1016 2791 de
1037 2758 1266 2799 publicatione
1282 2765 1503 2797 processuum
1522 2757 1638 2787 contra
1657 2756 1864 2787 Ludovicum
1885 2756 2049 2786 Bavarum
2067 2754 2099 2784 et
2120 2753 2256 2784 Viceco-

661 2816 762 2847 mites
780 2815 821 2846 de
841 2813 1043 2845 Mediolano.
1061 2812 1221 2853 (Ar-mario
1240 2811 1276 2849 C,
1290 2811 1368 2851 fasc.
1383 2811 1433 2847 70,
1448 2820 1478 2840 n.
1496 2811 1549 2847 113
1566 2819 1653 2850 perq.
1674 2819 1803 2849 parvum
1821 2818 1885 2838 cum
1898 2806 2002 2847 sigillo
2018 2806 2093 2837 dicti
2106 2805 2256 2846 Stephani

662 2879 678 2900 e
694 2869 773 2899 vitta
789 2867 1016 2898 membranacea
1034 2865 1215 2907 pendente.)

705 2918 846 2952 23219.
867 2939 904 2945 -
920 2920 1041 2956 Petrus,
1060 2918 1295 2959 subc-apellanus
1311 2916 1382 2948 eccl.
1393 2916 1430 2948 de
1445 2915 1552 2946 Insula
1567 2915 1723 2951 Ιονάαηὶε,
1740 2914 1860 2945 fatetur
1876 2912 2043 2952 recepisse
2060 2910 2101 2942 ab
2118 2910 2256 2942 officiali

661 2975 831 3007 Tolosano
847 2974 981 3005 litteras
997 2974 1106 3012 apost.
1123 2980 1208 3012 quas
1221 2970 1420 3012 publicabit.
1443 2969 1601 3008 (Armario
1619 2968 1655 3007 C,
1672 2968 1748 3008 fasc.
1766 2967 1817 3005 70,
1837 2976 1866 2996 n.
1884 2967 1918 3001 5;
1934 2974 2019 3005 perq.
2041 2973 2172 3005 parvum
2190 2973 2254 2994 cum

660 3028 835 3069 fraqmento
851 3026 949 3067 siqilli
964 3025 1042 3057 dicti
1057 3025 1168 3063 Petri.)
