2592 3562
225 458 332 485 Datum
353 450 537 485 Avenione.

196 557 215 584 3
233 558 280 590 (111
297 558 378 591 non.)
391 556 456 591 jan.
481 554 566 583 1325.

235 601 266 630 T.
284 602 320 628 XI
342 602 386 636 ¹12,
405 601 466 628 XIII
483 600 525 634 ¹l2·

342 822 378 850 Ut
394 830 418 850 s.

292 867 323 894 T.
340 867 386 899 XI,
401 866 475 895 XIII.

344 1035 378 1063 Ut
399 1043 423 1063 s.

293 1079 323 1106 T.
339 1079 385 1114 XI,
402 1078 472 1107 XIII.

339 1246 374 1274 Ut
395 1254 418 1273 s.

325 1291 355 1317 T.
377 1290 434 1318 XX.

339 1406 375 1434 Ut
395 1415 418 1434 s.

329 1451 360 1479 T.
375 1451 431 1479 XX.

342 1513 378 1541 Ut
393 1522 417 1540 s.

286 1556 317 1584 T.
335 1557 381 1591 XI,
398 1557 471 1585 XIII.

343 1725 378 1752 Ut
395 1733 418 1752 s.

291 1769 320 1796 T.
339 1769 385 1804 XI,
399 1769 470 1798 XIII.

340 1991 376 2019 Ut
396 1999 419 2019 s.

290 2035 321 2063 T.
336 2036 382 2070 XI,
398 2037 470 2065 XIII.
490 2077 492 2080 .

207 2200 273 2241 hm
289 2202 370 2238 non.)
381 2202 447 2237 jan.
466 2203 552 2232 1325.

228 2245 274 2273 Gr.
291 2254 343 2281 pro
357 2255 434 2282 pers.
450 2249 530 2278 card.

341 2415 377 2443 Ut
391 2423 415 2443 s.

229 2457 275 2485 Gr.
294 2467 346 2494 pro
365 2467 441 2495 pers.
462 2462 539 2491 card.

341 2575 378 2604 Ut
397 2585 421 2604 e.

289 2619 319 2646 T.
336 2620 382 2655 XI,
399 2621 471 2649 XIII.

593 365 768 396 JOANNIS
791 365 910 396 PAPAE
932 365 1033 396 XXII.
1059 367 1306 406 (1316-1334).
1331 386 1368 390 —
1390 368 1575 398 LITTERAE
1599 368 1823 400 COMMUNES
2162 372 2221 402 285

670 551 809 584 21319.
830 573 868 577 -
887 554 1061 585 Bermundo
1080 555 1229 585 Rescesini
1253 556 1365 587 collat.
1383 565 1478 596 perp.
1496 557 1630 589 vicariae
1659 558 1739 589 eccl.
1759 559 1800 590 de
1824 559 1990 597 Robiono‚
2017 561 2220 593 Cavallicen.

625 607 686 642 di.,
702 616 764 647 per
780 607 1029 638 assecutionem
1063 608 1291 647 praecentoriae
1317 609 1396 639 eccl.
1422 610 1626 641 Cavallicen.
1655 612 1847 643 Raimundo
1867 612 2021 644 Gauterii
2038 622 2098 653 per
2124 615 2161 646 P.
2183 609 2221 645 P.

625 660 756 697 collatae
769 669 859 696 vac.;
876 669 942 691 non
959 660 1046 691 obst.
1063 661 1169 691 rurali
1185 661 1266 692 eccl.
1285 670 1312 692 s.
1331 662 1514 699 Prothasii,
1531 663 1662 702 Aquen.
1678 664 1737 701 di.,
1754 666 1786 695 et
1800 673 1892 704 perp.
1911 666 2029 705 capell.
2047 666 2082 697 in
2097 667 2175 698 eccl.
2194 676 2221 698 s.

624 713 776 753 Agricoli
790 713 999 745 Avenionen.
1015 722 1116 753 quam
1131 713 1303 745 dimittere
1319 716 1462 746 tenetur.
1476 733 1515 738 —
1530 716 1556 746 Ι.
1577 725 1605 747 e.
1620 725 1664 747 m.
1683 718 1814 756 Aquen.
1833 719 1865 749 et
1880 719 2089 750 Avenionen.
2105 728 2221 760 praep„

629 775 666 798 ac
681 766 848 806 Stephano
868 766 1045 802 Planterii,
1062 775 1134 797 can.
1151 766 1365 798 Ebredunen.
1386 768 1466 798 eccl.
1488 769 1539 806 (A.
1555 770 1605 805 22,
1620 769 1641 799 f.
1660 771 1720 801 299
1738 769 1768 806 b;
1792 770 1823 800 V.
1841 772 1890 808 78,
1909 780 1961 811 ep.
1978 772 2063 811 544.)

669 817 809 849 21320.
828 837 866 842 -
879 819 971 850 Petro
989 818 1137 860 Guiqonis
1145 818 1181 850 de
1196 819 1385 850 Castronovo
1402 829 1495 860 prov.
1508 830 1625 853 canon.
1638 822 1718 853 eccl.
1730 823 1914 863 Lingonen.
1926 824 2090 864 subexsp.
2106 825 2222 864 praeb.,

624 873 730 912 dign„
749 874 952 912 personatus
972 881 1033 903 seu
1047 873 1103 903 off.
1120 881 1147 903 c.
1167 881 1194 904 c.
1213 873 1267 903 vel
1286 881 1314 903 s.
1336 882 1363 903 c.
1386 891 1424 896 —
1451 874 1478 904 Ι.
1499 882 1527 904 e.
1547 884 1592 906 m.
1612 875 1718 914 priori
1739 884 1767 907 s,
1792 885 1819 906 s.
1836 876 2068 914 Geminorum,
2090 879 2221 918 Lugdu-

625 934 701 956 nen.
716 926 777 963 di.,
792 927 824 957 et
839 934 943 965 praep.
973 925 1149 963 Tolonen„
1177 934 1214 956 ac
1239 926 1412 957 Armando
1436 927 1476 958 de
1500 927 1650 964 cambis,
1678 937 1751 959 can.
1779 929 1954 960 Vivarien.
1982 930 2062 961 eccl.
2095 931 2148 970 (A.
2172 932 2223 969 22,

626 979 650 1010 f.
668 980 726 1011 382
743 984 774 1015 ³3
798 978 830 1009 V.
845 980 894 1016 78,
912 987 964 1018 ep.
983 979 1069 1018 634.)

668 1029 809 1062 21321.
831 1050 867 1055 -
883 1031 1017 1062 Henrico
1033 1037 1105 1062 nato
1123 1042 1154 1062 π.
1171 1042 1200 1063 υ.
1220 1031 1358 1062 Oudardi
1372 1032 1440 1063 dmi
1454 1033 1489 1063 de
1504 1033 1697 1064 Monteacuto
1719 1043 1814 1073 prov.
1840 1044 1956 1066 canon.
1983 1036 2062 1067 eccl.
2090 1036 2226 1067 Ambia-

625 1093 703 1116 nen.
719 1085 782 1116 sub
799 1093 893 1124 exsp.
913 1084 1017 1124 praeb.
1035 1102 1074 1107 ——-
1089 1085 1116 1115 I.
1133 1094 1162 1116 e.
1187 1094 1232 1115 m.
1257 1085 1332 1116 abb.
1361 1087 1506 1117 monast.
1538 1095 1564 1117 s.
1594 1087 1700 1124 Petri,
1728 1089 1760 1118 et
1785 1087 1892 1127 priori
1907 1097 1935 1119 s.
1952 1089 2105 1119 Marcelli
2121 1097 2225 1128 prope

624 1138 838 1177 Cabilonum‚
857 1146 894 1168 ac
909 1147 998 1178 mag.
1012 1138 1153 1169 Nicolao
1170 1138 1211 1169 de
1226 1138 1366 1176 Frattis,
1384 1147 1456 1170 can.
1477 1139 1666 1175 patracen..
1682 1142 1790 1179 apost.
1808 1141 1874 1172 litt.
1892 1141 2084 1173 correctori.
2103 1142 2156 1182 (A.
2173 1143 2225 1179 22,

624 1191 648 1222 f.
665 1193 724 1223 260
738 1191 768 1227 b;
794 1191 826 1221 V.
846 1192 897 1227 78,
916 1199 968 1231 ep.
985 1192 1044 1223 635
1063 1191 1120 1230 A.)

669 1242 809 1274 21322.
826 1262 864 1267 —
883 1244 1005 1275 Decano
1018 1244 1091 1275 eccl.
1107 1244 1261 1277 Parisien.
1277 1246 1391 1276 mand.
1405 1247 1441 1277 ut
1456 1246 1491 1277 in
1502 1248 1645 1278 monast.
1657 1255 1684 1277 s.
1697 1247 1836 1278 Vedasti
1847 1247 2056 1283 Atrebatem,
2073 1248 2112 1280 O.
2125 1248 2158 1279 S.
2173 1248 2225 1285 B.,

627 1306 732 1329 unum
748 1298 827 1329 cler.
848 1298 1035 1329 aGuidone
1062 1298 1185 1330 comite
1217 1299 1354 1330 Blesen.
1385 1299 1630 1331 nominandum
1657 1300 1763 1340 recipi
1788 1300 1901 1332 faciat.
1921 1301 1974 1341 (A.
2002 1303 2052 1339 22,
2072 1301 2095 1332 f.
2120 1302 2178 1332 380
2193 1301 2224 1338 ῦς

631 1351 667 1382 V.
686 1351 735 1388 78,
755 1359 807 1390 ep.
825 1353 909 1390 761.)

669 1401 809 1434 21323.
828 1421 867 1426 -
883 1403 996 1435 Eidem
1011 1404 1124 1436 mand.
1144 1404 1258 1435 simile
1277 1413 1337 1444 pro
1364 1406 1556 1445 receptione
1583 1406 1685 1437 unius
1706 1406 1827 1446 puellae
1853 1407 2012 1438 litteratae
2027 1407 2063 1438 in
2079 1407 2225 1438 monast.

624 1458 827 1488 monialium
843 1457 883 1488 de
903 1458 1059 1494 Estruen,
1078 1458 1117 1489 O.
1132 1458 1165 1489 S.
1184 1458 1235 1495 B„
1254 1458 1450 1489 Atrebaten.
1468 1459 1513 1490 di.
1532 1459 1583 1499 (A.
1610 1461 1660 1497 21,
1682 1459 1704 1491 f.
1725 1461 1784 1491 380
1797 1460 1826 1496 b;
1852 1459 1883 1490 V.
1902 1461 1952 1498 78,
1970 1468 2022 1500 ep.
2040 1461 2125 1499 762.)

670 1507 810 1540 21324.
827 1528 868 1532 —
892 1509 1039 1540 Willelmo
1056 1511 1094 1540 de
1108 1510 1175 1541 Hoo
1191 1519 1286 1550 prov.
1304 1519 1421 1543 canon.
1440 1511 1521 1543 eccl.
1535 1512 1720 1543 Cicestren.
1735 1512 1798 1543 sub
1812 1522 1908 1553 exsp.
1925 1513 2046 1553 praeb.;
2059 1522 2126 1545 non
2137 1513 2223 1545 obst.

625 1564 660 1595 in
676 1564 756 1595 eccl.
776 1563 986 1595 Londonien.
1001 1572 1119 1595 canon.
1135 1564 1168 1595 et
1187 1563 1302 1603 praeb.,
1330 1573 1368 1595 ac
1390 1565 1526 1604 paroch.
1552 1566 1632 1597 eccl.
1657 1566 1697 1597 de
1713 1566 1894 1606 Dalingho,
1911 1566 2104 1598 Norwicen.
2123 1567 2168 1598 di.
2187 1584 2225 1589 —

624 1617 651 1648 1.
670 1626 699 1648 e.
716 1626 760 1648 m.
778 1616 957 1648 Willelmo
971 1617 1011 1648 de
1022 1617 1412 1654 Weston,Lincolnien.,
1423 1619 1456 1649 et
1467 1618 1612 1650 Geraldo
1625 1619 1665 1650 de
1679 1618 1870 1657 Subdbiria,
1883 1619 2043 1657 Wellen.,
2055 1628 2092 1650 ac
2102 1619 2227 1651 Joanni

625 1671 665 1701 de
682 1670 812 1707 Ditton,
827 1670 1035 1701 Londonien.
1054 1670 1135 1701 eccl.
1156 1678 1228 1701 can.
1249 1670 1301 1709 (A.
1318 1671 1369 1706 22,
1386 1670 1409 1701 f.
1428 1673 1487 1703 499
1503 1671 1532 1708 b;
1556 1671 1590 1703 V.
1610 1673 1660 1709 78,
1678 1681 1730 1711 ep.
1753 1673 1838 1711 981.)

669 1720 809 1753 21325.
826 1741 864 1746 —
881 1722 1054 1753 Raimundo
1072 1722 1108 1752 de
1121 1723 1224 1764 Sirieq
1239 1723 1375 1755 collatio
1388 1733 1482 1764 perp.
1502 1724 1638 1756 vicariae
1661 1725 1740 1756 eccl.
1759 1725 1799 1756 de
1826 1725 2025 1762 Pomareda,
2048 1726 2224 1757 Caturcen.

626 1777 686 1813 di.,
704 1785 775 1807 vac.
791 1785 850 1815 per
868 1776 1118 1807 assecutionem
1134 1776 1381 1816 parochialium
1397 1777 1477 1809 eccl.
1496 1787 1522 1808 s.
1543 1778 1717 1809 Michaelis
1736 1779 1776 1810 de
1804 1778 1976 1810 Leonibus
2002 1780 2034 1810 et
2054 1779 2092 1810 B.
2116 1778 2161 1810 M.
2185 1778 2225 1809 de

627 1829 751 1861 Arenis
767 1829 979 1860 Lemovicen.
1002 1830 1158 1869 (quarum
1174 1838 1242 1860 una
1258 1829 1300 1860 ab
1316 1830 1423 1861 altera
1437 1831 1616 1870 dependet)
1645 1831 1831 1863 Guillelmo
1858 1832 1898 1862 de
1923 1832 2030 1863 Puteo
2054 1839 2115 1870 per
2130 1831 2168 1862 P.
2184 1831 2224 1862 P.

627 1883 838 1914 collatarum.
858 1899 896 1904 —
912 1882 939 1913 1.
960 1891 989 1914 e.
1008 1891 1053 1913 m.
1073 1882 1244 1922 Figiacen.
1268 1885 1302 1914 et
1323 1883 1585 1924 Montispensati
1601 1885 1681 1915 eccl.
1710 1885 1887 1916 Caturcen.
1906 1884 2079 1921 archid.is,
2098 1893 2135 1915 ac
2153 1883 2226 1915 offi-

627 1936 705 1967 ciali
722 1936 899 1967 Caturcen.
915 1935 995 1967 eccl.
1014 1935 1067 1975 (A.
1081 1937 1132 1972 22,
1150 1935 1173 1966 f.
1190 1937 1290 1973 539223
1312 1936 1348 1967 V.
1369 1938 1417 1971 78,
1437 1945 1488 1976 ep.
1505 1939 1591 1976 987.)

671 1986 811 2019 21326.
828 2006 867 2011 -
884 1989 998 2020 Joanm'
1013 1988 1101 2019 Petri
1119 1988 1156 2019 de
1172 1988 1297 2019 Haterio
1311 1989 1347 2020 de
1361 1999 1386 2019 s.
1410 1989 1539 2026 Victore,
1558 1990 1637 2022 cler.
1656 1991 1832 2022 Cassinen.
1850 1991 1910 2028 di.,
1929 1991 2037 2031 gratia
2054 1999 2149 2030 exsp.
2166 1989 2224 2021 be-

627 2043 694 2074 nef.
711 2051 739 2073 s.
756 2051 783 2073 c.
804 2043 857 2080 (30
872 2050 947 2073 unc.
967 2042 1067 2082 auri),
1085 2042 1127 2073 ad
1143 2042 1255 2073 collat.
1273 2042 1342 2081 ep.i
1358 2044 1390 2074 et
1406 2043 1506 2083 capit.
1526 2043 1703 2075 Cassinen.
1720 2063 1756 2067 —
1773 2044 1799 2075 I.
1822 2053 1852 2075 e.
1872 2053 1915 2075 m.
1939 2044 2123 2076 Guillelmo
2143 2044 2225 2074 Pen-

627 2105 704 2128 nen.
719 2097 752 2127 et
766 2095 905 2127 Adrien.
921 2095 1038 2132 electo,
1054 2097 1086 2127 et
1102 2095 1251 2127 Henrico
1267 2096 1308 2127 de
1324 2096 1522 2133 Antiniano,
1544 2097 1706 2137 Capuan„
1731 2106 1768 2128 ac
1791 2097 1932 2129 Nicolao
1955 2097 2141 2137 Capiferro,
2159 2097 2224 2129 No-

626 2149 695 2180 lan.
716 2149 796 2181 eccl.
812 2157 885 2180 can.
903 2148 958 2188 (A.
975 2149 1025 2185 22,
1043 2148 1065 2179 f.
1083 2150 1123 2180 58
1137 2154 1165 2185 ²¹3
1189 2148 1221 2179 V.
1237 2150 1287 2185 78,
1304 2158 1358 2189 ep.
1378 2151 1481 2189 1122.)

671 2199 812 2232 21327.
832 2218 871 2223 -
886 2201 1059 2233 Bertrando
1072 2212 1096 2232 s.
1114 2201 1254 2233 Marcelli
1267 2202 1371 2243 presb.
1390 2202 1473 2234 card.
1505 2203 1675 2234 indultum
1693 2204 1856 2235 visitandi
1882 2213 1943 2244 per
1966 2204 2072 2235 alium
2087 2203 2160 2235 loca
2177 2211 2225 2234 ar-

626 2255 767 2287 chidiac.
783 2255 864 2286 eccl.
882 2255 1108 2287 Cenomanen.
1127 2264 1237 2295 usque
1253 2255 1296 2287 ad.
1310 2255 1497 2287 triennium
1512 2257 1545 2287 et
1556 2258 1812 2296 procurationes
1827 2257 2025 2297 recipiendi.
2042 2257 2116 2288 -1.
2137 2265 2164 2287 e.
2179 2264 2225 2287 m.

627 2309 703 2340 abb.
725 2309 869 2339 monast.
889 2317 916 2339 S.
932 2308 1104 2340 Vincentii
1121 2308 1363 2346 Cenomanen.,
1377 2310 1410 2340 et
1425 2309 1576 2340 sacristae
1589 2310 1813 2348 Avenionen.,
1830 2319 1867 2342 ac
1877 2309 2026 2342 Roberto
2040 2309 2224 2346 Benedicti,

627 2371 699 2395 can.
723 2362 948 2394 Cenomanen.
967 2361 1047 2392 eccl.
1066 2361 1118 2400 (A.
1139 2362 1190 2399 22,
1212 2361 1235 2392 f.
1251 2363 1311 2393 368
1328 2366 1356 2398 ³3
1379 2362 1415 2393 V.
1435 2363 1484 2397 78,
1506 2371 1558 2402 ep.
1582 2363 1640 2395 506
1661 2363 1717 2403 A.)

671 2412 810 2446 21328.
830 2432 869 2436 ——
884 2413 996 2445 Eidem
1007 2414 1120 2446 simile
1135 2414 1306 2446 indultum
1319 2423 1379 2454 pro
1395 2415 1577 2446 archidiac.
1594 2416 1749 2448 Lesaten.
1767 2417 1848 2448 eccl.
1866 2417 2024 2448 Tolosan.
2040 2434 2077 2439 —
2091 2417 2119 2448 I.
2133 2425 2161 2448 e.
2178 2425 2224 2447 m.

628 2468 703 2500 abb.
725 2469 869 2500 monast.
890 2468 931 2499 de
946 2467 1122 2508 Clayraco‚
1139 2468 1312 2508 Agennen.
1330 2468 1389 2506 di.,
1408 2469 1560 2500 sacristae
1575 2469 1799 2505 Avenionen.,
1812 2471 1844 2501 et
1855 2470 2047 2502 Raimundo
2061 2470 2226 2502 Bernardi

627 2522 668 2554 de
687 2531 715 2553 s.
730 2521 916 2558 Arthemia,
934 2529 1007 2552 can.
1025 2521 1148 2553 Riven.
1167 2521 1247 2552 eccl.
1266 2521 1318 2560 (A.
1334 2523 1387 2559 22,
1405 2521 1428 2553 f.
1447 2523 1505 2553 368
1521 2527 1549 2559 ²3
1577 2521 1609 2552 V.
1627 2524 1677 2560 78,
1698 2531 1749 2562 ep.
1767 2524 1826 2555 506
1844 2523 1896 2562 B.)

671 2572 811 2605 21329.
830 2592 869 2598 -·
881 2575 998 2606 Joanni
1013 2574 1092 2605 dicto
1104 2574 1301 2615 Baecminqer
1314 2574 1350 2605 de
1364 2574 1559 2613 Constantia,
1577 2580 1649 2606 nato
1668 2575 1801 2607 Conradi
1817 2575 1893 2607 dicti
1906 2576 2112 2617 Baelminqer,
2128 2585 2222 2616 prov.

628 2637 745 2661 canon.
765 2627 828 2660 sub
848 2636 945 2668 exsp.
960 2627 1064 2668 praeb.
1083 2628 1163 2659 eccl.
1182 2628 1379 2668 Covingen„
1398 2628 1630 2660 constantien.
1647 2629 1692 2659 di.
1714 2648 1751 2652 —
1771 2629 1797 2660 Ι.
1817 2638 1846 2660 e.
1866 2638 1911 2660 m.
1931 2629 2099 2669 archiep.o
2119 2629 2223 2661 Ebre-

564 2694 566 2696 ·
627 2682 765 2719 dunen„
784 2682 817 2712 et
833 2689 936 2721 praep.
955 2681 1162 2718 Zurciacen.,
1182 2681 1416 2712 Constantien.
1433 2681 1492 2719 di.,
1524 2690 1561 2713 ac
1587 2682 1712 2713 decano
1733 2682 1962 2714 Constantien.
1991 2682 2071 2714 eccl.
2091 2682 2143 2721 (A.
2172 2683 2223 2720 22,

340 2787 377 2816 Ut
398 2797 421 2817 s.

289 2831 319 2859 T.
339 2832 386 2867 XI,
401 2833 472 2861 XIII.

344 2893 380 2922 Ut
400 2903 424 2922 s.

287 2937 317 2965 T.
335 2938 381 2974 XI,
401 2939 473 2968 XIII.

627 2736 650 2767 f.
665 2737 724 2767 327
735 2734 766 2771 ¹³;
787 2734 823 2766 V.
843 2735 894 2772 78,
911 2742 963 2774 ep.
981 2733 1069 2774 531.)

672 2785 810 2819 21330.
830 2804 868 2809 -
880 2787 996 2819 Joanni
1009 2786 1091 2818 dicto
1108 2787 1224 2818 Sinerli
1240 2786 1277 2818 de
1293 2787 1474 2819 Constantia
1489 2787 1606 2819 eadem
1622 2788 1731 2828 gratia
1746 2788 1781 2819 in
1792 2788 1871 2820 eccl.
1889 2787 2046 2820 Turicen.
2060 2787 2223 2820 Constan-

627 2842 709 2874 tien.
735 2841 780 2872 di.
799 2857 836 2863 —
850 2841 924 2872 Le.
941 2849 986 2872 m.
1005 2841 1042 2872 ut
1059 2849 1086 2871 s.
1105 2840 1157 2880 (A.
1175 2842 1226 2877 22,
1244 2841 1267 2871 f.
1282 2842 1340 2871 328
1355 2845 1394 2876 ὃ-,ν
1409 2840 1442 2871 V.
1459 2841 1509 2878 78,
1525 2849 1577 2880 ep.
1594 2841 1679 2881 532.)

671 2891 810 2924 21331.
830 2911 869 2917 -
885 2892 1027 2924 Arnaldo
1041 2893 1077 2924 de
1096 2893 1179 2930 Orto,
1197 2893 1310 2933 presb.
1325 2893 1501 2925 Caturcen.
1517 2893 1575 2931 di.,
1595 2894 1695 2933 Papae
1720 2893 1840 2931 famil„
1862 2893 1970 2933 gratia
1994 2902 2090 2934 exsp.
2110 2893 2221 2926 benef.

628 2956 656 2979 c.
676 2957 704 2979 c.
721 2947 776 2980 vel
790 2956 818 2979 s.
838 2955 866 2978 c.
883 2947 936 2987 (60
951 2947 974 2978 1.
992 2946 1031 2986 t.)
1048 2947 1083 2977 in
1094 2946 1186 2978 civit.
1204 2946 1258 2977 vel
1274 2946 1320 2977 di.
1337 2946 1501 2983 Electen„
1515 2947 1638 2986 pertin.
1657 2946 1699 2977 ad
1714 2946 1825 2977 collat.
1840 2946 1917 2986 ep.i,
1929 2955 2004 2977 cum
2018 2946 2222 2987 obligatione

627 3000 822 3032 dimittendi
838 3000 919 3031 eccl.
941 3008 969 3031 s.
995 2999 1148 3031 Medardi
1167 2999 1391 3038 Xanctonen.,
1412 2999 1536 3030 modici
1553 2999 1692 3031 valoris.
1709 3016 1747 3021 —-
1772 2999 1798 3030 I.
1825 3007 1853 3030 e.
1878 3007 1922 3030 m.
1942 3007 2043 3039 praep.
2065 2999 2221 3040 Mirapis-
