2592 3562
335 338 396 368 458
586 331 840 365 APPENDICES
864 332 920 363 AD
943 331 1090 363 NONUM
1113 330 1309 363 BULLARII
1330 330 1504 363 JOANNIS
1526 330 1620 362 XXII
1643 329 1803 361 ANNUM.
1825 347 1865 353 —-
1887 329 2127 371 (mm-1884)

340 528 353 554 1
368 533 430 553 ηου.
442 524 566 561 (infesto
574 523 710 551 Omnium

377 570 562 606 Sanctorum)
581 569 670 598 1324.

417 739 437 767 2
454 747 518 767 nov.
540 737 629 766 ¹324.

415 898 436 926 3
454 906 517 926 ηου.
538 897 625 937 1324.

417 1058 436 1086 4
453 1066 516 1086 ηου.
538 1056 626 1085 1324.

483 1272 519 1299 Ut
541 1280 564 1299 s.

418 1485 435 1513 5
453 1493 517 1513 nov.
537 1485 626 1513 1324.

415 1701 433 1727 6
452 1708 516 1728 nov.
535 1700 623 1727 1324.

406 1914 443 1941 10
462 1921 525 1940 ηου.
545 1913 632 1941 1324.

361 2078 465 2104 Datum
487 2073 672 2106 Avenione.

348 2125 385 2153 10
399 2129 442 2162 (lv
458 2126 511 2163 id.)
522 2134 586 2153 nov.
602 2126 690 2154 1324.

406 2392 439 2418 11
460 2399 523 2418 ηου.
543 2391 632 2419 1324.

440 2435 503 2463 Ind.
521 2435 593 2464 V112.

406 2499 439 2524 11
462 2506 524 2526 ηου.
542 2498 630 2526 1324.

405 2710 443 2738 12
461 2718 524 2738 ηου.
545 2711 633 2741 1324.

406 2924 443 2951 13
458 2932 520 2952 nov.
541 2924 629 2954 1324.

437 2968 498 2997 Ind.
519 2969 591 2997 vl1·.

814 520 953 553 23220.
973 539 1010 545 -
1024 523 1152 554 Littera
1164 523 1227 563 εμπ·
1244 522 1268 553 A
1274 522 1432 563 qathensis
1448 522 1490 553 ad
1503 521 1713 562 archiep.um
1725 520 1922 553 Narbonen.
1935 528 2040 563 super
2053 519 2284 561 publicatione
2299 528 2375 561 pro-

768 585 927 608 cessuum
946 578 1062 608 contra
1080 576 1290 607 Ludovicum
1310 576 1480 608 Bavarum
1496 576 1529 607 et
1544 574 1636 606 filios
1649 574 1785 606 Matbaei
1805 574 1846 606 de
1861 572 2142 606 Vicecomitibus.
2161 573 2320 613 (Ar-mario
2337 572 2374 610 C,

766 631 850 666 fasc-v
869 631 918 666 53,
936 640 967 661 η.
993 631 1028 666 8;
1059 633 1232 660 cartae-eum
1247 638 1379 670 parvum
1397 638 1464 659 cum
1485 627 1590 668 siyillo
1608 633 1691 668 leryo
1709 627 1853 668 impresso
1873 626 1950 658 dicti
1964 626 2030 668 ep.i
2055 627 2142 668 cujus
2165 626 2375 658 tantummodo

767 683 901 714 existunt
915 692 1016 724 pauca
1036 682 1195 723 vestigia.)

811 733 947 766 23221.
967 753 1006 758 -—
1021 736 1290 768 Instrumentum
1310 735 1501 766 cartaceum
1524 733 1768 774 publicationis
1787 741 2011 774 processuum
2030 733 2147 765 contra
2165 732 2376 765 Ludovicum

768 790 935 821 Bavarum
951 789 986 820 in
1003 789 1147 821 ecclesia
1155 788 1375 826 Viridisfolii,
1387 788 1547 820 Tolosan.
1564 787 1610 819 di.
1623 787 1750 819 Datum
1766 786 1820 818 die
1836 786 1972 819 veneris
1983 787 2062 827 post
2073 785 2198 818 festum
2212 786 2375 819 Omnium

768 844 969 876 Sanctorum
986 844 1075 874 1324.
1095 843 1255 883 (Armario
1274 842 1309 881 C,
1326 842 1405 882 fasc.
1422 843 1475 879 52,
1494 851 1524 872 n.
1542 841 1609 880 26.)

813 893 950 926 23222.
969 915 1008 920 -
1030 897 1164 928 loannes
1185 895 1361 936 archiepm
1390 894 1557 926 Tolosanus
1583 894 1690 926 mittit
1710 893 1935 937 suffraganeis
1959 892 2034 925 suis
2055 901 2238 933 processus
2259 894 2376 925 contra

767 950 859 981 filios
874 949 1009 981 Mathaei
1025 950 1066 981 de
1085 948 1353 982 Vicecomitibus
1367 947 1409 979 ab
1426 948 1514 988 ipsis
1532 947 1767 987 publicandos.
1785 946 1944 987 (Armario
1961 945 1997 986 C,
2009 945 2087 986 fasc.
2099 946 2151 984 ⁴5,
2169 956 2200 978 n.
2219 947 2253 978 11
2267 954 2373 987 3perq.

766 1005 922 1044 parvum.)

811 1054 947 1086 23223.
970 1074 1010 1079 -
1031 1057 1193 1088 Instrum.
1212 1055 1455 1096 publicationis
1475 1063 1698 1095 processuum
1718 1055 1835 1086 contra
1852 1053 2064 1086 Ludovicum
2082 1053 2252 1085 Bavarum
2269 1053 2305 1084 in
2323 1060 2374 1085 ec·

767 1111 872 1142 clesia
887 1111 927 1142 B.
945 1110 989 1142 M.
1009 1110 1162 1144 Belnen.‚
1179 1109 1325 1141 AEduen.
1340 1108 1386 1140 di.
1406 1127 1443 1132 —
1461 1109 1589 1140 Datum
1606 1108 1660 1139 die
1674 1107 1846 1139 dominica
1862 1109 1940 1147 post
1954 1107 2081 1139 festum
2098 1106 2262 1139 omnium
2275 1106 2376 1139 Sanc·

766 1165 879 1196 torum
898 1166 989 1201 1324,
1007 1164 1076 1195 ind.
1099 1163 1204 1200 vnn,
1227 1163 1371 1195 Joannis
1395 1159 1507 1194 XXIIi
1527 1170 1737 1200 annolnono.
1761 1161 1920 1202 (Armario
1939 1160 1975 1199 C,
1993 1160 2074 1201 fasc.
2096 1161 2148 1198 54,
2175 1170 2207 1192 n.
2222 1161 2260 1196 4;
2283 1168 2373 1201 perq.

790 1227 907 1248 arvum.

765 1227 787 1258 p
810 1219 949 1301 232231.
965 1288 1003 1293 ——
1017 1270 1181 1301 Instrum.
1199 1279 1265 1309 quo
1282 1270 1413 1301 constat
1428 1269 1574 1299 Pontium
1590 1268 1748 1304 Ademari,
1767 1268 1932 1299 decanum
1949 1267 2028 1299 eccl.
2048 1275 2076 1298 s.
2092 1266 2232 1304 Felicis,
2247 1267 2294 1299 di.
2312 1266 2375 1299 To·

766 1325 888 1361 losan„
906 1325 1076 1364 recepisse
1091 1332 1272 1364 processus
1289 1324 1407 1354 contra
1420 1322 1632 1355 Ludovicum
1650 1323 1818 1353 Bavarum
1830 1323 1862 1353 et
1874 1321 1964 1352 filios
1977 1320 2112 1352 Mathaei
2129 1320 2170 1351 de
2185 1319 2375 1352 Vicecomi-

766 1378 870 1409 tibus.
891 1379 1013 1409 Actum
1026 1377 1080 1408 die
1098 1377 1268 1408 dominica
1277 1377 1354 1416 post
1369 1375 1495 1407 festum
1504 1375 1665 1407 Omnium
1675 1375 1876 1408 Sanctorum
1893 1375 1983 1406 1324.
1997 1373 2160 1415 (Armorio
2176 1372 2212 1411 C,
2226 1373 2304 1413 fasc.
2321 1374 2373 1411 45,

767 1443 798 1462 n.
818 1433 875 1469 13;
893 1437 1063 1462 cartaceum
1075 1440 1205 1471 parvum
1219 1440 1284 1460 cum
1301 1427 1404 1470 siqillo
1421 1434 1505 1469 terqo
1519 1428 1692 1469 impresso.)

812 1482 946 1514 23225.
967 1503 1004 1508 -
1021 1485 1100 1515 Litt.
1118 1483 1253 1514 Andreae
1271 1483 1334 1523 ep.i
1355 1481 1565 1523 Mayalonen„
1589 1490 1651 1513 suo
1672 1481 1800 1521 sigillo,
1823 1481 1894 1512 fere
1915 1480 2038 1515 deleto,
2056 1481 2151 1520 tergo
2167 1480 2312 1516 munita,
2331 1479 2375 1511 ad

768 1539 976 1578 archiep.um
992 1537 1202 1572 Narbonen.,
1223 1537 1263 1568 de
1280 1536 1511 1576 publicatione
1529 1543 1752 1575 processuum
1770 1535 1886 1566 contra
1903 1533 2115 1566 Ludovicum
2130 1533 2252 1565 ducem
2266 1533 2373 1565 Bava-
2439 1541 2442 1543 ’

766 1592 824 1623 riae
841 1593 873 1623 et
889 1591 980 1622 filios
995 1591 1130 1622 Mathaei
1148 1591 1188 1621 de
1206 1589 1475 1623 vicecomitibus
1489 1589 1524 1619 in
1538 1588 1630 1620 civit.
1653 1589 1686 1620 et
1699 1588 1744 1619 di.
1766 1587 1979 1628 Magalonen.
1997 1587 2155 1626 (Armario
2173 1585 2209 1626 C,
2224 1586 2303 1627 fasc.
2319 1586 2372 1626 53,

766 1657 796 1676 n.
814 1647 848 1682 53
865 1649 1037 1675 cartaceum
1054 1645 1212 1684 parvum.)

810 1696 947 1728 23226.
966 1716 1004 1720 -
1018 1698 1181 1729 Instrum.
1199 1699 1389 1728 cartaceum
1408 1704 1550 1735 parvum
1565 1704 1641 1726 cum
1656 1694 1770 1735 sigillo
1784 1695 1874 1726 retro
1890 1694 2060 1734 impresso
2075 1702 2142 1734 quo
2159 1694 2292 1725 constat
2305 1692 2374 1723 An·

764 1752 867 1783 dream
886 1751 1050 1786 Gaillelmi‚
1067 1751 1178 1782 locum
1196 1751 1367 1782 tenentem
1385 1748 1673 1789 archipresbyteri
1688 1749 1729 1779 de
1745 1747 1930 1783 Gardubio,
1948 1747 1994 1778 di.
2012 1747 2185 1782 Tolosam,
2200 1746 2372 1786 recepisse

764 1815 944 1846 processus
959 1807 1076 1837 contra
1100 1805 1310 1836 Ludovicum
1335 1804 1456 1835 ducem
1482 1803 1635 1834 Bavariae
1659 1803 1691 1833 et
1714 1801 1806 1833 filios
1831 1801 1963 1841 praefati
1992 1800 2139 1832 Mathaei.
2163 1800 2321 1839 (Armario
2335 1798 2372 1837 G,

763 1861 839 1900 fasc.
856 1861 907 1896 45,
925 1870 956 1889 n.
977 1859 1042 1898 12.)

809 1911 947 1943 23227.
965 1930 1004 1935 --
1022 1912 1210 1943 Parvulum
1229 1911 1387 1942 instrum.
1408 1909 1704 1941 membranaceum
1724 1917 1791 1948 quo
1808 1908 1939 1939 constat
1953 1907 2114 1947 Iacobum,
2136 1916 2241 1948 ep.um
2257 1906 2370 1948 Appa-

764 1967 866 2004 miar.²
890 1966 1060 2005 recepisse
1082 1965 1149 1996 litt.
1169 1966 1277 2004 apost,
1300 1972 1385 2004 quas
1405 1962 1590 2002 adimplere
1614 1961 1796 2002 promittit,
1819 1961 2032 1992 continentes
2053 1968 2235 2000 processus
2255 1961 2373 1992 contra

763 2021 853 2051 filios
869 2019 1003 2051 Mathaei
1021 2019 1061 2050 de
1079 2017 1360 2050 Vicecomitibus.
1377 2016 1533 2057 (Armario
1546 2015 1590 2055 C,
1607 2015 1687 2056 fasc.
1703 2016 1754 2052 45,
1778 2025 1810 2044 η.
1827 2015 1872 2053 5.)

807 2070 943 2102 23228.
962 2090 1001 2095 -
1018 2072 1243 2104 Declarantur
1260 2071 1340 2102 illos
1357 2079 1432 2101 esse
1451 2069 1628 2100 haereticos
1644 2068 1703 2108 qui
1722 2068 1837 2099 dicunt
1854 2068 1974 2099 Jesum
1997 2067 2171 2100 Christum
2188 2067 2222 2099 et
2240 2066 2372 2107 aposto-

763 2127 815 2158 los
827 2128 862 2157 in
877 2127 931 2157 his
946 2135 1020 2165 quae
1035 2125 1225 2156 hahuerunt
1239 2133 1305 2155 non
1318 2123 1479 2154 habuisse
1494 2123 1560 2154 nisi
1573 2122 1685 2153 solum
1698 2130 1800 2152 usum
1813 2121 1892 2152 facti
1908 2121 1940 2152 et
1956 2120 2015 2161 qui
2026 2121 2144 2152 contra
2157 2119 2372 2160 constitutio-

763 2189 823 2212 nes
840 2190 855 2210 «
873 2179 947 2211 Cum
958 2180 1038 2209 inter
1051 2177 1251 2208 nonnullos...
1267 2187 1282 2208 >›
1298 2178 1331 2208 et
1342 2186 1357 2206 «
1370 2176 1422 2207 Ad
1437 2175 1624 2207 conditorem
1639 2184 1855 2206 canonum...»
1869 2174 2001 2214 aliquid
2011 2174 2170 2206 ordinant
2180 2182 2242 2206 seu
2254 2172 2372 2205 obser-

762 2235 882 2264 vant...
901 2243 917 2263 «
939 2233 1015 2270 Quia
1035 2231 1236 2272 quorumdam
1252 2235 1402 2261 mentes...
1424 2241 1439 2260 υ
1463 2229 1621 2268 (Αννηανίο
1638 2229 1673 2267 C,
1697 2228 1775 2268 fasc.
1793 2230 1824 2267 9,
1843 2238 1874 2258 n.
1892 2229 1910 2259 3
1921 2237 1931 2264 ;
1947 2227 1984 2258 de
2000 2227 2086 2259 curia
2093 2237 2103 2265 3
2119 2236 2208 2268 pery.
2226 2235 2373 2267 magnum

764 2297 830 2318 cum
846 2286 929 2316 bulla
944 2285 1087 2327 plumbea
1098 2295 1113 2316 e
1125 2284 1189 2326 filis
1204 2285 1308 2314 sericis
1320 2283 1486 2324 pendente;
1505 2282 1626 2323 Corpus
1634 2282 1720 2323 juris
1735 2281 1886 2320 canonici,
1904 2281 2087 2321 Extravag.
2101 2280 2245 2313 Joannis
2257 2278 2370 2319 XXII,

762 2341 815 2372 tit.
833 2340 926 2374 XIV,
947 2348 1018 2378 cap.
1039 2340 1090 2376 V;
1110 2338 1232 2376 Euhel,
1253 2337 1428 2368 Bullarium
1446 2336 1698 2373 Franciscanum,
1715 2337 1740 2366 t.
1759 2336 1802 2373 V,
1818 2343 1852 2375 p.
1869 2336 1942 2372 271,
1959 2343 1991 2366 n.
2007 2336 2094 2374 554.)
2398 2328 2402 2331 ’

808 2390 942 2422 23229.
965 2410 1003 2414 -
1020 2393 1180 2424 Instrum.
1199 2390 1443 2431 publicationis
1459 2398 1682 2430 processuum
1697 2390 1813 2421 contra
1828 2388 2051 2424 Ludovicum,
2069 2388 2188 2419 ducem
2203 2386 2370 2425 Bavariae,

763 2447 798 2478 in
813 2447 926 2486 platea
944 2446 1134 2478 communis
1150 2445 1277 2476 Trevii.
1297 2444 1454 2483 (Armario
1474 2443 1510 2480 C,
1529 2443 1609 2483 fasc.
1629 2444 1680 2480 50,
1700 2453 1733 2472 n.
1751 2443 1809 2479 105
1827 2451 1916 2482 pery.
1938 2441 2091 2480 strictum,
2111 2440 2164 2472 sed
2181 2439 2332 2480 lonqum.)

807 2498 945 2530 23230.
963 2518 1002 2522 -
1018 2500 1287 2531 Instrumentum
1304 2497 1546 2538 publicationis
1563 2504 1788 2536 processuum
1804 2496 1921 2527 contra
1939 2494 2152 2526 Ludovicum
2168 2494 2288 2525 ducem
2306 2493 2368 2531 Ba·

762 2554 864 2585 variae
882 2553 917 2584 in
932 2553 1054 2592 majori
1072 2553 1152 2584 eccl.
1172 2552 1265 2584 civit.
1285 2551 1428 2582 Pistorii
1452 2550 1644 2582 confectum
1668 2549 1723 2581 die
1742 2548 1913 2580 dominica
1930 2548 1967 2579 in
1997 2547 2085 2580 festo
2106 2547 2199 2579 beati
2217 2545 2368 2583 Martini,
2428 2587 2431 2589 Β

762 2609 798 2639 11
813 2616 890 2638 nov.
918 2608 1008 2644 1324,
1028 2606 1098 2638 ind.
1125 2606 1232 2643 Vina,
1262 2605 1448 2636 secundum
1469 2612 1608 2635 cursum
1630 2602 1780 2634 civitatis
1803 2601 1956 2634 Pistorii.
1984 2601 2144 2641 (Ar-mario
2159 2599 2196 2637 C,
2217 2600 2295 2640 fasc.
2316 2599 2368 2636 52,

761 2671 793 2691 n.
808 2662 866 2697 2ss
885 2670 973 2700 per-9.
993 2660 1143 2697 strictum,
1162 2658 1215 2690 sed
1232 2658 1383 2698 lonyum.)

805 2711 944 2744 23231.
962 2732 1000 2737 -
1015 2713 1177 2745 Instrum.
1199 2720 1265 2752 quo
1282 2711 1414 2743 constat
1431 2709 1638 2741 Raimundum
1659 2708 1816 2748 Gasconis,
1838 2707 2021 2740 officialem
2036 2708 2079 2740 R.
2100 2707 2168 2747 ep.i
2187 2715 2216 2738 s.
2231 2705 2367 2746 Papuli,

761 2767 931 2806 recepisse
946 2775 1127 2806 processus
1144 2766 1261 2797 contra
1273 2764 1364 2795 filios
1381 2763 1518 2795 Mathaei
1532 2763 1572 2794 de
1587 2761 1869 2794 vicecomitibus.
1883 2761 2013 2793 Datum
2031 2761 2086 2792 die
2101 2760 2191 2792 lunae
2206 2761 2284 2800 post
2304 2758 2370 2790 fes-

760 2821 833 2852 tum
855 2820 947 2852 beati
969 2819 1108 2851 Martini
1126 2818 1297 2859 hyemalis
1317 2818 1405 2849 1324.
1425 2816 1583 2856 (Armario
1599 2815 1635 2853 C,
1655 2815 1734 2855 fasc.
1756 2816 1808 2853 45,
1824 2824 1857 2844 η.
1875 2816 1912 2846 15
1920 2824 1933 2854 ,·
1958 2818 2132 2846 cartaceum
2149 2822 2283 2854 parvum
2302 2821 2368 2843 cum

760 2873 866 2914 siqillo
879 2878 964 2904 retro
982 2874 1156 2913 impresso.)

807 2923 944 2956 23232.
959 2942 998 2948 -
1013 2926 1283 2958 Instrumentum
1299 2922 1540 2964 publicationis
1554 2923 1778 2962 processuum
1795 2921 1911 2952 eontra
1931 2920 2139 2952 Ludovicum
2158 2920 2278 2952 ducem
2300 2918 2366 2951 Ba-

761 2980 864 3011 variae
877 2980 912 3011 in
927 2980 1040 3020 platea
1054 2978 1246 3011 communis
1261 2976 1402 3010 Cerreti.
1423 2975 1581 3016 (Armario
1599 2974 1634 3012 C,
1649 2974 1728 3015 fasc.
1742 2976 1794 3010 51,
1811 2984 1842 3005 n.
1861 2976 1881 3006 6
1890 2984 1900 3012 3
1916 2974 2019 3015 per-9.)
