2592 3562
16 2734 27 2745 c
12 2678 19 2694 κ
3 2662 18 2671 ’-
4 2554 28 2655 ..κὴ-’ἢ
0 2530 3 2531 ’

408 302 663 335 APPENDICES
685 302 741 332 AD
764 301 960 333 OCTAVUM
984 302 1178 333 BULLARII
1199 302 1372 333 JOANNIS
1394 303 1485 333 XXII
1507 303 1666 334 ANNUM.
1689 320 1730 327 —
1749 303 1988 343 (1316-1334)
2154 305 2215 336 209

263 496 300 523 15
313 496 381 522 maii
398 494 487 522 1324.

219 607 322 633 Datum
343 599 528 633 Avenione.

262 654 298 682 18
317 654 385 680 maii
402 652 491 680 1324.

268 700 320 732 (xv
335 697 394 725 kal.
406 697 480 733 jun.)

278 743 360 769 Anno
381 741 467 769 V1110.

204 919 254 945 Die
270 917 409 944 dominica
426 917 464 944 20
483 917 550 944 maii

245 962 334 993 1324,
356 961 416 988 ind.
435 961 507 988 vw.

263 1024 304 1051 20
317 1024 386 1050 maii
402 1023 491 1050 1324.

304 1069 365 1096 lnd.
382 1068 453 1095 V11·.

209 1132 258 1159 Die
274 1131 414 1159 dominica
429 1130 478 1167 20,
493 1130 544 1162 24,

191 1176 231 1204 27
241 1177 309 1203 maii
319 1179 347 1203 et
360 1177 390 1202 1·
400 1175 458 1209 jul.
475 1174 562 1202 1324.

303 1220 365 1248 Iud.
380 1219 452 1247 vlla

229 1296 334 1323 Datum
361 1289 527 1324 Vulterris

250 1344 289 1372 23
306 1345 375 1371 maii
389 1343 504 1379 (1324).

302 1388 363 1416 lud.
379 1388 453 1416 V112.

209 1450 258 1477 me
272 1449 409 1477 dominica
423 1449 463 1477 27
480 1450 549 1477 maii

252 1493 341 1526 1324,
357 1493 416 1521 ind.
434 1493 508 1521 Vl1·.

267 1609 303 1636 10
317 1609 386 1643 jun.
406 1608 495 1636 1324.

305 1653 365 1681 [nd.
382 1653 457 1681 vnn.

339 1715 377 1743 Ut
397 1724 420 1743 s.

268 1769 302 1795 n
319 1769 387 1803 jun.
407 1768 495 1797 1324.

305 1813 366 1840 lud.
383 1813 456 1840 vus.

272 1875 309 1902 Μ
321 1875 491 1909 jun.1324.

302 1919 363 1947 lud.
382 1919 452 1947 vus.

265 1981 302 2008 15
314 1981 393 2015 junii
408 1980 498 2011 1324.

307 2025 368 2053 Ind.
384 2026 456 2053 Vlla.

275 2141 311 2169 18
322 2141 388 2175 jun.
407 2140 495 2169 1324.

215 2300 265 2326 Die
279 2299 419 2327 dominica
433 2299 474 2327 24
484 2300 553 2335 jun.

260 2343 348 2376 1324,
363 2343 423 2372 ind.
443 2344 514 2373 V112.

270 2460 309 2487 24
322 2461 389 2496 jun.
410 2460 498 2489 1324.

200 2567 250 2594 Die
269 2566 377 2594 sabbati
392 2567 492 2594 ultima
509 2567 571 2603 (30)

292 2611 372 2645 junii
389 2611 478 2639 1324.

284 2674 302 2700 9
318 2673 378 2707 jul.
402 2673 491 2701 1324.

312 2718 374 2746 lnd.
392 2717 467 2746 V112.

204 2781 250 2807 Die
260 2781 357 2807 martis
370 2780 470 2814 rojul.
485 2780 573 2809 1324.

308 2824 369 2852 lud.
387 2825 461 2853 VlI²³⁸

278 2886 314 2914 14
327 2886 386 2920 jul.
412 2885 500 2914 1324.

660 490 799 523 20461.
820 510 859 515 -
873 493 1155 529 1nstrumentum,
1173 492 1288 531 sigillo
1304 493 1425 524 vicarii
1442 493 1509 532 ep.i
1526 493 1679 523 Paduani
1691 493 1871 529 munitum,
1889 502 1955 533 quo
1972 493 2118 525 refertur
2131 502 2217 533 prae-

617 546 762 578 sentatio
777 554 1000 585 processuum
1013 546 1129 576 contra
1142 545 1353 576 Ludovicum
1366 546 1547 577 Bavarum.
1564 545 1722 586 (Armario
1738 545 1773 583 C,
1789 546 1867 585 fasc.
1885 548 1937 583 50,
1949 557 1980 576 n.
1997 548 2016 577 2
2024 556 2034 583 ς
2051 548 2155 587 perq.)

662 595 796 628 20462.
815 615 854 620 --
868 599 1018 629 Joannes
1032 598 1132 629 XXII
1147 598 1317 637 archiep-o
1332 598 1501 637 Spalaten.
1519 599 1659 638 ejusque
1675 599 1898 638 suffraganeis
1913 600 2018 630 mittit
2033 608 2215 639 processus

616 652 750 684 habitos
766 661 791 683 x
806 652 875 683 kal.
900 660 970 690 apr.
990 660 1020 682 a.
1038 655 1112 681 vui·
1137 652 1253 681 contra
1276 651 1481 690 Galeatium,
1502 651 1668 689 Marcum,
1691 652 1893 689 Luchinum,
1916 653 2080 684 Joannem
2096 654 2130 684 et
2144 653 2214 684 Ste-

616 705 766 745 phanum
781 705 872 736 filios
885 704 1019 735 Mathaei
1034 704 1075 734 de
1090 703 1358 735 Vicecomitibus
1375 704 1415 734 de
1426 704 1618 734 Mediolano
1631 703 1789 741 haeretici,
1808 706 1840 735 et
1854 713 1912 735 eos
1927 706 2042 736 monet
2058 706 2095 736 ut
2109 705 2218 736 dictos

617 766 799 798 processus
815 757 989 797 publicent
1002 759 1035 788 et
1049 756 1198 788 maxime
1216 756 1446 796 indulgentias
1463 765 1642 787 concessas
1657 757 1729 787 illis
1746 757 1805 796 qui
1821 766 1882 796 pro
1897 757 1962 788 fide
1978 759 2094 789 contra
2110 759 2218 790 dictos

617 811 795 842 haereticos
817 810 1015 850 pugnabunt
1036 810 1091 841 vel
1113 809 1353 849 eleemosynas
1368 809 1566 849 erogabunt,
1586 818 1671 848 quas
1685 810 1779 849 Papa
1802 810 1875 840 vult
1891 810 2005 850 colligi
2024 811 2058 841 in
2076 811 2168 842 civit.
2186 812 2219 842 et

618 865 664 895 di.
681 865 846 904 ipsorum.
863 864 1022 902 (Armario
1037 862 1072 901 C,
1084 863 1161 903 fasc.
1177 864 1229 900 42,
1250 872 1281 892 n.
1295 864 1332 898 23
1349 862 1386 893 de
1399 863 1486 892 curia
1494 872 1503 898 ;
1516 872 1605 902 perq.
1620 862 1788 902 maqnum.)

664 914 802 946 20463.
821 934 860 939 -
878 917 1042 948 Instrum.
1056 916 1300 956 publicationis
1315 924 1537 955 processuum
1551 916 1667 946 contra
1680 915 1889 946 Ludovicum
1902 917 2069 947 Bavarum
2086 917 2122 947 in
2137 917 2217 948 eccl.

618 970 770 1002 Paduan.
789 970 949 1008 (Armario
969 969 1005 1007 C,
1022 969 1101 1009 fasc.
1119 971 1169 1007 53,
1187 979 1218 999 n.
1235 970 1292 1006 363
1309 979 1396 1009 perq.
1413 969 1580 1009 maynum.)

663 1020 802 1053 20464.
821 1040 859 1044 -
875 1023 1011 1055 Relatio
1019 1022 1263 1062 publicationis
1278 1030 1501 1062 processuum
1520 1022 1638 1052 contra
1651 1021 1742 1052 filios
1757 1021 1891 1052 Mathaei
1902 1022 1943 1052 de
1956 1022 2220 1054 Vicecomitibus

620 1077 716 1109 factae
734 1076 769 1107 in
784 1077 905 1116 maj0ri
919 1076 999 1108 eccl.
1020 1076 1180 1107 Parmen.
1198 1075 1356 1114 (Armorio
1386 1074 1422 1113 C,
1438 1075 1516 1115 fasc.
1540 1076 1592 1111 46,
1609 1084 1640 1104 n.
1667 1076 1705 1106 10
1716 1084 1724 1111 ;
1738 1084 1826 1115 per-9.
1842 1084 1984 1115 parvum,
2004 1074 2057 1105 sed
2073 1074 2222 1116 lonqum.)

666 1127 801 1159 20465.
820 1147 857 1151 -
873 1130 1008 1161 Relatio
1022 1130 1059 1160 ut
1073 1138 1100 1160 s.
1117 1129 1153 1159 in
1169 1129 1261 1160 civit.
1276 1129 1426 1159 Paduan.
1443 1128 1600 1167 (Armario
1617 1127 1652 1165 C,
1668 1128 1746 1167 fasc.
1762 1129 1813 1166 44,
1828 1138 1860 1158 n.
1877 1130 1915 1158 16
1926 1137 1936 1164 3
1948 1137 2038 1168 pery.
2054 1130 2220 1168 maynum.)

665 1286 802 1318 20466.
821 1306 861 1312 -
876 1289 957 1320 Litt.
975 1287 1130 1320 Bainutii
1144 1287 1211 1327 ep.i
1228 1287 1405 1318 Vulteran.
1423 1286 1466 1317 ad
1479 1287 1706 1318 Bertrandum
1722 1286 1872 1327 legatum
1887 1287 1928 1318 de
1942 1287 2133 1326 receptione
2148 1296 2223 1327 pro-

621 1351 781 1374 cessuum
796 1344 913 1374 contra
929 1341 1140 1373 Ludovicum
1156 1342 1327 1372 Bavarum
1345 1341 1378 1371 et
1397 1340 1489 1371 filios
1506 1340 1640 1371 Mathaei
1660 1340 1701 1371 de
1717 1340 1994 1371 Vicecomitibus.
2012 1340 2169 1380 (Armario
2186 1340 2222 1378 C,

619 1396 697 1436 fasc.
716 1397 767 1433 54,
782 1406 814 1427 n.
831 1398 846 1427 1
858 1404 868 1432 ;
883 1405 974 1436 perq.
988 1405 1122 1435 parvum
1138 1404 1205 1424 cum
1224 1392 1351 1424 cordula
1369 1393 1495 1434 canapis
1510 1398 1539 1423 et
1555 1393 1657 1433 sigillo
1673 1393 1750 1424 dicti
1766 1394 1829 1434 ep.i
1843 1403 1880 1424 ex
1898 1403 1933 1424 ea
1946 1393 2124 1434 pendente.)

667 1446 803 1478 20467.
824 1466 862 1471 -
877 1448 1013 1480 Relatio
1030 1447 1273 1487 publicationis
1291 1455 1514 1486 processuum
1524 1448 1640 1478 contra
1655 1447 1746 1477 filios
1758 1447 1892 1478 Mathaei
1903 1447 1944 1478 de
1957 1447 2224 1479 vicecomitibus

622 1503 719 1534 factae
738 1503 774 1533 in
797 1502 879 1533 eccl.
898 1501 1083 1532 cathedrali
1100 1501 1303 1531 Maceraten.
1331 1500 1488 1538 (Armarc'o
1510 1499 1547 1537 C,
1570 1500 1649 1539 fasc.
1669 1502 1721 1537 44,
1737 1510 1769 1530 n.
1791 1501 1809 1530 4
1820 1509 1830 1536 3
1844 1510 1935 1540 per-9.
1954 1510 2020 1530 cum
2039 1501 2120 1530 vitta
2135 1501 2225 1531 serici

622 1556 709 1587 rubei
724 1565 760 1586 ex
776 1565 836 1596 qua
849 1554 963 1596 pendet
977 1553 1112 1595 sigillum
1126 1554 1190 1594 ep.i
1204 1552 1404 1593 Maceraten.)

669 1606 808 1639 20468.
824 1626 863 1631 -
877 1609 1040 1639 Instrum.
1058 1607 1302 1647 publicationis
1319 1615 1542 1647 processuum
1559 1608 1676 1638 contra
1689 1607 1899 1638 Ludovicum
1915 1608 2086 1639 Bavarum
2101 1607 2137 1638 in
2154 1615 2226 1638 cas-

623 1665 677 1695 tro
693 1663 833 1694 Precen.
849 1661 1007 1701 (Armario
1024 1660 1060 1697 C,
1079 1661 1158 1701 fasc.
1179 1662 1230 1697 56,
1247 1670 1278 1691 n.
1299 1662 1335 1697 7;
1351 1660 1456 1700 perq.)

670 1713 806 1746 20469.
823 1733 862 1739 -
878 1716 965 1746 Item
980 1715 1016 1746 in
1033 1715 1145 1754 platea
1160 1714 1263 1745 castri
1275 1714 1487 1745 Radicofani.
1506 1714 1666 1754 (Armario
1683 1714 1718 1750 C,
1738 1714 1816 1753 fasc.
1832 1715 1883 1752 57,
1899 1724 1930 1745 n.
1942 1716 2005 1755 ⁴173
2022 1714 2125 1755 perq.)

670 1766 807 1799 20470.
821 1786 860 1792 -
874 1769 961 1800 Item
977 1769 1013 1799 in
1025 1767 1105 1799 eccl.
1124 1769 1251 1799 Fanen.
1269 1767 1427 1807 (Armario
1445 1767 1481 1805 C,
1496 1768 1574 1807 fasc.
1589 1769 1638 1805 54,
1654 1777 1684 1797 n.
1701 1769 1754 1805 15;
1771 1777 1859 1808 perq.
1875 1777 1941 1798 cum
1955 1768 2033 1798 vitta
2047 1767 2137 1798 serici
2152 1766 2225 1798 olim

624 1823 710 1853 rubei
724 1832 762 1853 ea:
777 1832 838 1863 qua
852 1821 967 1862 pendet
982 1820 1118 1861 sigillum
1133 1821 1197 1861 ep.i
1210 1821 1339 1860 Fanen.)

669 1873 809 1906 20471.
828 1894 867 1898 -
888 1875 1024 1907 Relatio
1045 1874 1287 1914 publicationis
1303 1883 1526 1914 processuum
1543 1875 1661 1905 contra
1675 1874 1887 1905 Ludovicum
1905 1875 2074 1906 Bavarum
2091 1874 2126 1905 in
2142 1875 2227 1906 eccl.

623 1929 810 1961 cathedrali
825 1928 1046 1960 Pensaurien.
1062 1927 1185 1959 habitae
1201 1927 1360 1968 (Armario
1377 1927 1412 1965 C,
1428 1928 1506 1967 fasc.
1522 1929 1573 1965 44,
1591 1937 1623 1958 n.
1645 1930 1663 1958 3
1670 1937 1679 1963 ;
1695 1928 1797 1967 ρενφ)

668 1979 804 2012 20472.
823 1982 1023 2013 —Instrum
1037 1981 1278 2021 publicationis
1292 1989 1516 2020 processuum
1531 1982 1647 2012 contra
1659 1981 1870 2011 Ludovicum
1882 1981 2050 2012 Bavarum
2062 1981 2097 2011 in
2111 1982 2222 2012 castro

623 2037 817 2073 Valentan.,
836 2036 873 2066 in
890 2034 1096 2074 patrimonio
1117 2034 1151 2065 b.
1175 2034 1270 2065 Petri
1293 2033 1330 2064 in
1351 2034 1477 2066 Tuscia
1498 2034 1716 2065 consistente.
1734 2033 1891 2074 (Armario
1911 2033 1946 2072 C,
1965 2034 2043 2073 fasc.
2065 2035 2115 2072 87,
2134 2044 2165 2064 n.
2183 2036 2202 2066 6
2214 2043 2223 2070 ;

623 2100 708 2131 per-9.
725 2087 951 2129 aliquantulum
968 2087 1150 2127 corrosum.)

670 2139 805 2172 20473.
824 2158 863 2164 -
879 2141 1048 2173 Ultimum
1065 2141 1295 2172 inventarium
1315 2149 1419 2180 super
1441 2140 1543 2172 rebus
1562 2141 1728 2172 Friderici
1744 2140 1906 2180 archiep.i
1923 2141 2044 2180 Rigen.
2063 2141 2226 2180 scriptum

625 2195 784 2236 Lugduni
791 2205 801 2232 3
814 2195 906 2235 quod
919 2194 1031 2226 differt
1044 2193 1085 2225 ab
1099 2194 1160 2225 illo
1171 2194 1261 2234 quod
1273 2194 1446 2225 invenitur
1458 2193 1521 2225 sub
1530 2194 1609 2225 data
1619 2196 1656 2225 31
1667 2194 1749 2225 maii
1759 2195 1848 2225 1325.
1863 2193 2020 2234 (Armario
2035 2193 2070 2229 C,
2081 2194 2158 2233 fasc.
2170 2195 2225 2231 803

627 2248 825 2288 car-taceam.)

673 2299 809 2331 20474.
827 2319 866 2324 ——
881 2301 1045 2332 Instrum.
1063 2300 1306 2340 publicationis
1321 2308 1544 2340 processuum
1569 2302 1686 2332 contra
1709 2301 1922 2332 Ludovicum
1937 2301 2056 2332 ducem
2076 2300 2228 2332 Bavariae

628 2357 661 2388 et
676 2355 767 2386 filios
778 2354 913 2386 Mathaei
926 2355 968 2385 de
984 2354 1251 2386 vicecomitibus
1266 2354 1302 2384 in
1318 2354 1439 2394 maj0ri
1460 2355 1494 2385 et
1518 2353 1597 2384 aliis
1617 2354 1698 2385 eccl.
1722 2354 1815 2385 civit.
1840 2354 1997 2385 Perusin.
2014 2354 2174 2393 (Armario
2190 2353 2227 2390 C,

627 2410 705 2450 fasc.
722 2410 773 2445 54,
792 2418 824 2437 n.
840 2409 879 2439 25
888 2417 897 2444 ;
910 2417 1000 2448 perq.
1009 2416 1019 2444 ;
1037 2411 1121 2437 eoetat
1135 2407 1343 2447 fraymentum
1359 2405 1457 2447 siqilli
1471 2407 1549 2437 cerei
1566 2407 1659 2436 curiae
1674 2407 1738 2447 ep.i
1751 2407 1907 2446 Per-usin.)

673 2458 809 2490 20475.
832 2478 869 2484 -
882 2461 1046 2492 Instrum.
1061 2460 1330 2491 denuntiationis
1342 2468 1565 2499 processuum
1580 2461 1696 2491 contra
1713 2460 1923 2491 Ludovicum
1942 2461 2110 2491 Bavarum
2133 2460 2228 2491 factae

628 2524 689 2556 per
702 2523 880 2546 commune
899 2514 1003 2545 castri
1018 2514 1221 2554 Peringnan.
1240 2513 1400 2553 (Armario
1419 2513 1455 2550 C,
1473 2513 1551 2553 fasc.
1571 2514 1624 2551 60,
1640 2523 1672 2544 n.
1690 2515 1727 2544 13
1742 2522 1750 2548 ;
1766 2523 1857 2554 ρετ-9.
1878 2513 2028 2553 lonqum.)

674 2565 809 2597 20476·
828 2584 867 2590 --
882 2567 968 2600 Item
984 2567 1020 2598 in
1034 2567 1125 2598 civit.
1141 2567 1302 2607 Nepesin.
1321 2566 1479 2606 (Armario
1498 2566 1533 2603 C,
1551 2567 1628 2606 fasc.
1645 2567 1697 2604 60,
1713 2577 1743 2596 n.
1766 2568 1821 2603 15;
1840 2575 1929 2606 perq.
1952 2565 2100 2606 lonqum.)

675 2670 810 2702 20477.
828 2690 866 2695 -
884 2673 970 2704 Item
984 2672 1020 2703 in
1036 2673 1146 2703 castro
1162 2672 1318 2703 Porclan.
1338 2672 1496 2710 (Armario
1516 2671 1550 2707 C,
1567 2672 1645 2711 fasc.
1669 2674 1720 2709 57,
1738 2682 1770 2703 n.
1788 2672 1821 2709 9;
1836 2681 1922 2712 μεν-9.
1941 2672 2108 2711 maqnum.)

674 2777 810 2809 20478.
829 2796 867 2802 -
883 2780 968 2810 Item
984 2779 1020 2810 in
1034 2780 1125 2810 terra
1140 2787 1167 2809 s.
1186 2778 1333 2814 Gemini,
1352 2778 1388 2809 in
1403 2778 1613 2810 Patrimonio
1627 2777 1659 2809 b.
1675 2778 1768 2809 Petri
1785 2777 2001 2808 consistente.
2020 2776 2177 2815 (Armario
2190 2775 2226 2811 C,

629 2834 708 2874 fasc.
726 2835 777 2872 51,
794 2843 825 2863 η.
846 2834 1007 2873 113per9.
1023 2842 1167 2873 parvum,
1185 2831 1238 2862 sed
1256 2831 1406 2872 lonqum.)

676 2883 813 2916 20479.
828 2905 866 2910 -
882 2886 964 2917 Litt.
984 2885 1125 2917 rectoris
1143 2876 1285 2916 ducatus
1302 2885 1472 2924 Spoletan.
1491 2885 1533 2915 ad
1554 2883 1738 2924 Spoletan„
1756 2882 1982 2922 Fulginaten„
1999 2882 2226 2913 Assisinaten.

632 2941 665 2972 et
677 2939 838 2972 Nucerin.
856 2948 952 2979 ep.0s
969 2941 1006 2970 ut
1019 2938 1191 2978 publicent
1204 2947 1385 2978 processus
1403 2938 1520 2970 contra
1537 2938 1716 2969 Firmauos
1734 2937 1768 2967 et
1790 2934 2050 2966 Fabrianenses.
2069 2934 2231 2975 Sequitur

348 3037 492 3065 somnis
509 3037 593 3066 xxn.
615 3056 647 3061 -
667 3039 699 3067 τ.
718 3037 755 3067 V.
2055 3029 2090 3057 ²⁷
