2592 3562
207 412 312 439 Datum
334 403 519 439 Avenione.

183 531 185 533 ·
247 512 288 540 23
299 511 365 546 jan.
385 509 474 541 1325.

269 559 300 591 (x
313 554 375 583 kal.
389 553 460 584 feb.)

238 601 269 628 Τ.
289 600 368 634 Lxx,
382 598 488 627 Lxxn.

324 724 360 752 Ut
379 732 404 752 ε.

271 769 302 796 Τ.
318 769 364 803 xl,
380 767 451 796 XIII.

323 989 359 1017 Ut
379 997 404 1017 s.

258 1036 261 1040 '
286 1034 317 1060 T.
332 1033 427 1061 XXIV.

320 1307 357 1335 Ut
377 1316 401 1336 s.

288 1352 319 1379 T.
336 1352 431 1380 XXIV.

316 1680 353 1708 Ut
371 1689 396 1708 s.

281 1725 311 1753 T.
334 1725 431 1753 XXIV.

319 2000 355 2029 Ut
374 2009 399 2029 e.

292 2045 323 2072 T.
345 2045 421 2074 CCC.

318 2214 354 2243 Ut
374 2222 398 2243 s,

310 2480 348 2508 Ut
370 2488 394 2508 s.

263 2523 295 2551 Τ.
315 2524 362 2558 XI,
377 2523 448 2552 XIII.

239 2692 280 2720 24
294 2692 359 2727 Jan.
383 2692 486 2722 1325.-

246 2737 290 2773 (1x
307 2737 367 2766 kal.
386 2736 458 2773 reb.)

263 2781 295 2809 T.
316 2781 362 2816 XI,
380 2781 452 2810 XIII.

310 2957 346 2985 Ut
366 2965 390 2986 s.

581 317 756 350 JOANNIS
779 318 897 349 PAPAE
919 319 1021 349 XXIl.
1046 321 1294 358 (1316-1334).
1317 339 1354 343 —
1377 320 1564 351 LITTERAE
1586 321 1812 353 COMMUNES
2137 327 2197 357 297

649 504 786 536 21441.
815 524 854 530 -
881 507 1061 538 Borchardo
1083 507 1240 548 archiep.o
1264 507 1498 549 Maqdeburqen.
1526 509 1648 541 indult.
1678 511 1720 541 ad
1745 510 1921 543 biennium
1949 512 2112 544 visitandi
2138 523 2198 554 per

605 560 709 592 aliurn
725 559 818 595 eccl.‚
837 568 926 600 perS.
943 562 975 591 et
997 560 1071 591 loca
1087 561 1275 592 ecclesiast.
1293 570 1431 592 suarum
1449 562 1554 599 civit,
1573 563 1619 593 di.
1634 564 1666 594 et
1678 564 1872 602 provinciae,
1891 573 1929 596 ac
1944 566 2198 604 procurationes

603 613 802 652 recipiendi.
819 631 858 635 —
874 613 900 644 I.
919 622 948 644 e.
971 622 1016 645 m.
1033 622 1108 653 ep.o
1125 614 1370 651 Hildesemen.,
1393 615 1425 646 et
1442 614 1518 647 abb.
1536 618 1681 647 monast.
1706 616 1740 647 in
1761 617 1975 655 Heldesleve,
2000 618 2197 652 Halbersta-

604 666 680 698 den.
697 666 755 703 di.,
771 675 809 697 ac
822 665 970 697 thesaur.
988 666 1068 697 eccl.
1086 666 1345 698 Halberstaden.
1367 667 1419 707 (A.
1438 669 1487 705 22,
1506 668 1528 699 f.
1543 669 1601 699 344
1617 667 1646 705 1>;
1666 668 1701 699 V.
1721 670 1769 705 78,
1785 678 1836 709 ep.
1857 670 1942 709 726.)

649 715 784 748 21442.
799 737 838 742 -
856 718 989 749 Hem-ico
1008 718 1044 749 de
1063 718 1253 749 Halcenstede
1266 728 1360 759 prov.
1375 729 1492 751 canon.
1510 720 1574 751 sub
1590 729 1685 760 exsp.
1703 720 1806 760 praeb.
1823 723 1904 754 eccl.
1920 723 2178 757 Halberstaden.
2188 736 2197 763 ;

604 780 670 803 non
689 772 776 803 obst.
793 772 828 802 in
844 780 872 803 s,
891 772 1024 803 Nicolai
1040 771 1075 802 in
1090 771 1262 803 Novoforo
1278 772 1539 812 Magdeburgen.
1557 781 1674 804 canon.
1690 775 1722 805 et
1739 774 1854 813 praeb.,
1871 784 1909 806 ac
1924 776 1959 807 in
1975 777 2100 817 Eycen.
2117 779 2197 810 eccl.

603 833 720 857 canon.
743 825 807 856 sub
829 834 926 865 exsp.
941 824 1056 865 praeb.,
1075 833 1203 856 necnon
1218 825 1351 864 paroch.
1371 825 1452 856 eccl.
1471 826 1507 856 in
1529 825 1730 864 Lomburch‚
1747 827 2033 869 Nuwemburgen.
2049 832 2082 862 et
2097 832 2199 862 Bran-

603 877 785 918 deburgen.
807 878 852 909 di.
871 897 908 901 -
926 878 953 909 I.
975 886 1004 909 e.
1024 887 1069 909 m.
1092 886 1167 917 ep.o
1188 877 1436 915 Hildesemen„
1459 880 1490 910 et
1506 887 1610 918 praep.
1638 878 1912 920 Magdeburgen„
1936 890 1974 912 ac
1995 882 2120 915 decano
2141 884 2199 915 Ca-

602 932 729 963 minen.
746 931 826 963 eccl.
842 931 895 969 (A.
916 932 967 968 22,
986 931 1009 961 f.
1027 931 1087 962 308
1103 936 1136 966 ³3
1158 930 1191 961 V.
1214 932 1263 967 78,
1283 939 1336 971 ep.
1356 932 1440 969 736.)

647 981 783 1014 21443.
805 1002 841 1007 -
859 984 946 1025 Ep.o
963 983 1181 1020 Hildesemen.‚
1199 989 1226 1014 et
1238 993 1338 1024 praep.
1355 989 1483 1014 monast.
1503 984 1535 1014 in
1555 984 1676 1021 Lezeke,
1695 995 1755 1025 per
1775 995 1877 1026 praep.
1897 985 1978 1017 soliti
1997 987 2080 1028 qub„
2099 988 2200 1019 Bran-

602 1037 765 1078 deburyen.
779 1037 836 1075 di.,
853 1047 888 1068 ac
901 1037 1021 1068 cantori
1034 1036 1106 1068 eccl.
1122 1036 1358 1077 Maqdeburqen.
1374 1037 1486 1069 mand.
1504 1038 1541 1068 ut
1562 1037 1739 1069 Herbordo
1754 1038 1843 1070 dicto
1857 1039 1941 1077 Mor,
1958 1048 2030 1071 can.
2051 1041 2198 1080 praeben.

602 1091 682 1123 eccl.
707 1090 982 1128 Halberstaden.,
1004 1090 1178 1122 conferant
1204 1090 1463 1130 praeposituram
1493 1099 1520 1121 c.
1548 1100 1575 1122 c.
1599 1091 1679 1122 eccl.
1703 1100 1730 1122 s.
1754 1091 1917 1123 Bonifatii
1937 1092 2197 1127 Halberstaden.

603 1145 656 1183 (20
671 1144 797 1175 march.
816 1146 914 1184 arg.)‚
930 1152 1032 1184 quam
1048 1143 1219 1175 Henricus
1234 1143 1275 1175 de
1291 1143 1437 1175 Anehalt
1449 1143 1545 1184 juxta
1561 1144 1695 1175 constit.
1717 1152 1819 1184 super
1834 1144 1957 1184 plural.
1973 1145 2085 1178 benef.
2103 1148 2201 1179 dimi-

602 1198 662 1235 sit3
687 1198 796 1229 dictus
819 1199 933 1230 autem
956 1196 1156 1229 Herbordus
1181 1196 1361 1228 archidIac.
1389 1197 1429 1229 de
1451 1197 1634 1229 Uccesleve
1659 1197 1695 1228 in
1720 1197 1810 1229 dicta
1834 1198 1913 1229 eccl.
1937 1198 2197 1234 Halberstaden.

601 1251 760 1283 dimittat.
778 1250 831 1292 (A.
848 1252 899 1286 22,
916 1251 938 1282 f.
954 1251 1010 1281 401
1029 1250 1060 1287 ¹³3
1085 1250 1118 1282 V.
1137 1252 1188 1289 78,
1207 1259 1260 1291 ep.
1283 1251 1367 1290 737.)

646 1301 782 1333 21444.
803 1323 841 1328 -
859 1304 947 1345 Ep.o
959 1303 1177 1341 Hildesemen„
1197 1308 1225 1334 et
1238 1313 1341 1345 praep.
1358 1303 1611 1345 Maqdeburyen„
1629 1314 1665 1334 ac
1681 1303 1793 1335 decano
1812 1305 1972 1337 Caminen.
1991 1306 2064 1337 eccl.
2085 1308 2197 1339 mand.

601 1359 637 1390 ut
653 1358 802 1389 Heanco
817 1358 857 1390 de
873 1357 1091 1390 Hakenstade
1107 1357 1281 1389 conferant
1296 1357 1558 1397 praeposituram
1576 1357 1657 1388 eccl.
1674 1366 1701 1389 e.
1717 1358 1817 1390 Pauli
1833 1359 2094 1391 Halberstaden.
2109 1368 2137 1391 c.
2155 1369 2198 1398 c.,

601 1411 642 1442 ab
656 1411 739 1443 olim
755 1411 915 1443 canonico
933 1410 1195 1443 Halberstaden.
1213 1410 1383 1451 assignari
1399 1410 1536 1442 solitam
1559 1419 1728 1451 quamque
1746 1411 1917 1443 Henricus
1936 1412 1977 1444 de
1992 1413 2146 1445 Anehaut
2162 1415 2199 1445 ut

601 1473 629 1496 s.
648 1465 780 1496 dimisit
786 1475 796 1502 3
815 1473 882 1496 non
899 1464 986 1496 obst.
1003 1465 1040 1496 in
1056 1473 1084 1496 s.
1101 1464 1236 1496 Nicolai
1249 1464 1284 1495 in
1294 1464 1465 1496 Novoforo
1481 1464 1742 1504 Magdeburgen.
1761 1474 1878 1497 canon.
1895 1467 1928 1497 et
1942 1466 2058 1506 praeb.,
2070 1475 2199 1499 necnon

602 1518 637 1549 in
659 1518 732 1549 ead.
749 1517 1024 1555 Halherstaden„
1042 1517 1141 1549 hodie
1158 1517 1226 1557 ipsi
1245 1517 1379 1555 collato,
1399 1518 1432 1548 et
1448 1518 1483 1548 in
1499 1517 1624 1558 Eycen.
1646 1518 1725 1549 eccl.
1753 1527 1870 1550 canon.
1890 1518 1951 1550 sub
1969 1528 2064 1560 exsp.
2081 1520 2196 1560 presb„

602 1580 640 1603 ac
655 1571 791 1611 paroch.
814 1571 894 1602 eccl.
912 1571 947 1602 in
970 1570 1163 1609 Lonburch,
1188 1570 1443 1611 Nuemburgen.
1469 1572 1502 1602 et
1524 1570 1799 1611 Brandehurgen.
1818 1572 1878 1609 di.,
1900 1581 2002 1612 quam
2028 1573 2199 1605 dimittere

600 1626 745 1656 tenetur.
766 1625 816 1662 (A.
831 1625 882 1663 22,
902 1624 925 1655 f.
942 1625 1002 1656 402
1020 1629 1050 1660 ·;
1074 1624 1110 1656 V.
1128 1625 1180 1661 78,
1201 1633 1253 1664 ep.
1268 1623 1354 1662 738.)
1984 1657 1995 1664 1

646 1674 782 1708 21445.
802 1695 840 1701 -
855 1677 983 1708 Eisdem
1000 1677 1210 1708 executoribus
1229 1686 1267 1708 ac
1289 1686 1393 1717 supra
1410 1677 1455 1717 (n.
1473 1677 1586 1716 21443)
1608 1677 1722 1708 mand.
1744 1680 1781 1709 ut
1800 1678 1980 1711 Lodowico
1996 1679 2036 1710 de
2054 1679 2198 1711 Wanzs-

601 1731 690 1769 leve,
713 1740 785 1762 can.
809 1731 957 1771 praeben.
980 1731 1061 1762 eccl.
1083 1730 1358 1766 Halberstaden.,
1375 1730 1550 1761 conferant
1564 1730 1774 1762 cellerariam
1795 1731 1901 1771 ejusd.
1921 1732 2015 1770 eccl.‚
2036 1741 2064 1763 c.
2086 1741 2128 1770 c.,
2147 1734 2198 1771 (24

600 1785 726 1816 march.
757 1784 853 1824 arg),
878 1793 980 1824 quam
1009 1784 1087 1816 Otto
1117 1792 1215 1823 ep.us
1238 1784 1470 1815 Hildesemen.
1493 1792 1536 1814 ex
1558 1792 1660 1815 causa
1689 1784 1885 1824 supradicta
1913 1785 2060 1821 dimisit3
2086 1786 2198 1817 dictus

600 1839 714 1870 autem
740 1837 943 1869 Lodowicus
970 1837 1150 1868 archidiac.
1174 1837 1215 1868 de
1239 1837 1486 1868 Wedderstede
1506 1845 1534 1868 c.
1558 1845 1585 1868 c.
1617 1838 1649 1868 et
1672 1838 1853 1877 quamdam
1878 1837 2069 1877 simplicem
2090 1839 2197 1870 admi-

599 1891 698 1923 nistr.
715 1891 749 1921 in
760 1891 1000 1931 Eylekestorp,
1016 1889 1255 1922 obventionem
1269 1891 1497 1929 nuncupatam
1510 1889 1545 1920 in
1556 1890 1629 1921 ead.
1647 1890 1741 1925 eccl.‚
1753 1890 1912 1922 dimittat.
1931 1891 1982 1929 (A.
1992 1892 2042 1929 22,
2058 1891 2081 1922 f.
2095 1893 2154 1923 402
2164 1891 2178 1913 b
2187 1901 2196 1929 ;

605 1944 642 1976 V.
658 1946 708 1980 78,
730 1953 781 1984 ep.
802 1945 889 1983 739.)

644 1995 779 2027 21446.
797 2015 836 2020 -
852 1997 1015 2028 ΒοεΙιανᾱο
1034 1996 1190 2037 ανεΙιίερ.ο
1213 1995 1452 2037 Maqdeburqen.
1478 1995 1578 2028 facul.
1599 1996 1797 2028 absolvendi
1816 2005 1981 2036 personas
2004 2006 2064 2037 per
2084 1997 2198 2038 ipsum

596 2050 694 2092 juxta
716 2051 875 2082 mandata
892 2051 1001 2090 apost.
1026 2049 1349 2087 excommunicatas,
1378 2049 1458 2089 quia
1482 2049 1654 2080 Ludovico
1674 2050 1714 2080 de
1739 2049 1882 2081 Bavaria
1915 2050 2140 2088 adhaeserunt,
2167 2054 2199 2083 et

598 2104 776 2136 relaxandi
793 2104 1012 2136 interdictum
1028 2103 1082 2135 cui
1099 2103 1220 2134 civitas
1234 2102 1538 2143 Magdeburgensis
1552 2103 1585 2134 et
1599 2102 1667 2133 alia
1684 2103 1808 2142 oppida
1823 2112 1860 2134 ac
1876 2104 1986 2135 castra
2001 2104 2046 2134 di.
2066 2104 2199 2144 Magde-

597 2157 738 2198 burgen.
755 2158 872 2189 eadem
890 2166 992 2188 causa
1008 2156 1160 2196 subjecta
1178 2156 1325 2187 fuerunt.
1345 2156 1398 2196 (A.
1417 2157 1470 2193 22,
1487 2156 1510 2188 f.
1527 2157 1586 2187 573
1603 2155 1633 2193 ¹’;
1657 2155 1690 2187 V.
1705 2158 1754 2194 79,
1774 2164 1826 2196 ep.
1848 2158 1948 2196 1343.)

644 2207 780 2240 21447.
798 2229 835 2234 -
850 2210 1015 2241 Francisco
1031 2209 1068 2241 de
1085 2209 1274 2246 Ultzinullis,
1291 2218 1384 2241 mon.
1401 2210 1547 2240 monast.
1564 2217 1592 2240 s.
1614 2209 1713 2240 Pauli
1731 2209 1770 2240 de
1788 2210 1926 2249 Campo,
1945 2210 1983 2242 Ο.
2000 2210 2034 2241 S.
2051 2210 2103 2248 Β.,
2120 2211 2198 2243 Bar-

598 2264 775 2296 chinonen.
792 2264 851 2302 di.,
864 2263 974 2304 gratia
988 2272 1085 2303 exsp.
1103 2263 1336 2303 praepositurae
1348 2271 1408 2294 seu
1427 2262 1482 2294 off.
1502 2262 1655 2293 consueti
1666 2262 1748 2293 dicti
1762 2265 1906 2294 monast.
1925 2263 2099 2294 monachis
2115 2264 2199 2295 assi-

598 2318 706 2359 gnari,
725 2319 758 2350 et
777 2317 818 2349 ad
832 2317 944 2348 collat.
959 2316 1085 2357 prioris
1103 2316 1211 2356 ejusd.
1228 2317 1387 2352 monast„
1407 2324 1467 2355 per
1484 2315 1633 2355 priorem
1649 2315 1742 2347 soliti
1758 2315 1850 2355 gub„
1870 2315 1991 2355 pertin.
2011 2333 2049 2339 —
2063 2317 2091 2348 Ι.
2107 2325 2137 2349 e.
2152 2326 2198 2348 m.

599 2371 675 2403 abb.
695 2372 840 2402 monast.
858 2379 886 2401 s.
903 2370 1077 2402 Cucufatis
1099 2369 1246 2407 Vallen.‚
1270 2368 1517 2400 Barchinonen.
1539 2368 1598 2406 di.,
1614 2370 1646 2400 et
1661 2368 1786 2399 archid.
1802 2369 1967 2409 Urgelleti
1982 2371 2015 2401 et
2031 2370 2198 2402 Vallisan-

599 2425 707 2456 dorrae
721 2424 908 2464 Urgellen.‚
927 2432 965 2454 ac
983 2423 1133 2454 sacristae
1149 2422 1395 2453 Barchinonen.
1412 2421 1492 2453 eccl.
1511 2421 1563 2460 (V.
1583 2423 1632 2458 79,
1653 2430 1705 2461 ep.
1723 2423 1829 2460 2405.)

643 2474 780 2507 21448.
802 2493 841 2500 -
858 2477 991 2507 Ponceto
1013 2476 1049 2507 de
1067 2476 1180 2513 Burro,
1200 2479 1271 2506 nato
1293 2475 1400 2507 Jacobi
1421 2474 1456 2506 de
1475 2474 1576 2505 Burro
1598 2474 1678 2514 mia,
1699 2474 1861 2505 castellani
1881 2475 2058 2513 Montionis,
2082 2476 2195 2507 collat.

598 2539 717 2563 canon.
735 2531 799 2562 sub
812 2539 909 2570 exsp.
927 2529 1031 2570 praeb.
1053 2529 1133 2561 eccl.
1154 2529 1373 2560 Catalaunen.
1394 2545 1432 2550 —
1454 2528 1481 2559 1.
1499 2536 1527 2559 e.
1547 2537 1592 2559 m.
1611 2536 1638 2560 s.
1659 2528 1752 2559 Petri
1770 2528 1812 2559 ad
1831 2529 1964 2560 Montes
1980 2529 2195 2561 catalaunen.

598 2587 630 2616 et
648 2584 688 2616 de
704 2584 875 2616 Belloloco
896 2584 931 2614 in
956 2584 1104 2623 Argona‚
1130 2583 1317 2615 Virdunen.
1337 2582 1397 2619 di.,
1420 2582 1564 2612 monast.
1584 2580 1674 2618 abb.,
1691 2589 1729 2612 ac
1748 2589 1836 2621 mag.
1859 2581 1981 2612 Joanni
1999 2581 2039 2612 de
2057 2581 2195 2619 Pennis,

598 2646 670 2669 can.
687 2638 829 2670 Remen.
844 2636 923 2669 eccl.
944 2636 995 2676 (A.
1012 2637 1063 2672 23,
1084 2635 1106 2667 f.
1127 2637 1186 2667 548
1206 2640 1235 2672 ὃ;
1261 2634 1297 2666 V.
1313 2636 1362 2670 79,
1382 2643 1434 2674 ep.
1452 2635 1559 2675 2413.)

643 2687 780 2721 21449.
804 2708 839 2713 --
857 2690 940 2730 May.
959 2689 1073 2721 Joanni
1087 2689 1188 2719 Amici
1200 2688 1236 2719 de
1252 2688 1367 2728 Bruqis
1383 2687 1519 2719 collatio
1535 2695 1652 2719 canon.
1668 2688 1700 2719 et
1715 2687 1818 2727 praeb.
1834 2687 1912 2718 eccl.
1930 2696 1958 2718 s.
1977 2687 2096 2718 Crucis
2112 2687 2194 2719 Leo-

597 2744 701 2780 dien.,
720 2753 791 2775 vac.
811 2752 872 2784 per
887 2742 1017 2774 obitum
1032 2742 1121 2782 apud
1136 2742 1169 2774 S.
1196 2743 1235 2773 A.
1260 2740 1402 2773 Arnaldi
1424 2740 1463 2771 de
1479 2741 1584 2776 Loes,
1602 2749 1669 2772 non
1687 2740 1773 2772 obst.
1792 2740 1827 2770 in
1846 2748 1875 2771 s.
1892 2739 1999 2771 Salvii
2019 2739 2059 2771 de
2077 2739 2194 2771 Castro

597 2806 626 2830 s.
653 2797 765 2835 Pauli,
783 2796 949 2828 Morinen.
976 2796 1034 2833 di.,
1054 2804 1172 2827 canon.
1204 2796 1237 2826 et
1263 2794 1380 2834 praeb.‚
1404 2794 1437 2825 et
1458 2794 1493 2824 in
1515 2794 1732 2825 Cameracen.
1754 2793 1835 2824 eccl.
1860 2801 1976 2824 canon.
2006 2791 2069 2823 sub
2096 2801 2192 2832 exsp.

596 2851 716 2892 praeb.,
735 2850 825 2890 dign.
829 2874 839 2890 ,
854 2850 1068 2890 personatus,
1083 2857 1144 2880 seu
1162 2848 1217 2879 off.
1234 2865 1272 2870 -—
1288 2848 1314 2878 Ι.
1335 2856 1364 2878 e.
1381 2855 1427 2878 m.
1441 2845 1568 2878 archid.
1586 2846 1794 2883 Atrebatem,
1812 2846 1845 2877 et
1855 2845 2004 2877 thesaur.
2021 2845 2192 2883 Leodien.,

597 2913 636 2936 ac
647 2903 788 2935 Nicolao
803 2903 843 2935 de
862 2903 1022 2938 Ceccano,
1041 2910 1113 2933 can.
1132 2901 1309 2933 Belvacen.
1327 2899 1407 2932 eccl.
1424 2899 1477 2940 (A.
1495 2900 1545 2937 22,
1568 2899 1590 2929 f.
1608 2900 1667 2930 302
1683 2899 1696 2920 b
1703 2909 1711 2934 ;
1736 2898 1772 2929 V.
1788 2899 1837 2936 78,
1853 2907 1905 2938 ep.
1923 2899 2008 2936 644.)

642 2953 779 2986 21450.
798 2974 838 2979 -
855 2955 972 2987 Joanni
992 2954 1140 2995 Saynerii
1163 2963 1258 2994 prov.
1282 2961 1399 2984 canon.
1425 2951 1506 2984 eccl.
1528 2952 1744 2991 Andegaven.
1772 2950 1835 2982 sub
1859 2959 1954 2990 exsp.
1983 2950 2102 2990 praeb.;
2128 2959 2194 2983 non

597 3009 685 3042 obst.
702 3010 737 3041 in
753 3010 793 3041 de
806 3009 1023 3046 Vertazione,
1043 3007 1295 3039 Claromonten.
1312 3006 1372 3043 di.,
1395 3013 1513 3037 canon.
1533 3006 1565 3036 et
1580 3005 1695 3044 presb„
1713 3012 1750 3035 ac
1766 3003 1801 3034 in
1815 3004 1852 3035 B.
1872 3003 1918 3035 M.
1939 3003 2062 3035 Portus
2079 3004 2193 3036 Claro-
