2592 3562
213 453 318 480 Datum
341 446 524 481 Avenione.

219 659 255 687 13
271 658 334 694 (id.)
350 666 417 693 auq.
434 657 522 686 1325.

275 703 306 731 T.
327 703 373 737 in,
393 703 466 730 xm.

329 870 366 898 Ut
386 878 410 898 s.

304 916 335 942 Τ.
352 915 435 942 XXII.

333 1083 370 1111 Ut
386 1091 410 1110 s.

309 1128 340 1155 Τ.
358 1127 438 1155 XXX.

332 1401 370 1429 Ut
385 1409 409 1428 s.

298 1446 331 1474 Τ.
352 1445 441 1474 llm'.

336 1562 372 1590 Ut
392 1570 416 1589 s.
475 1554 477 1556 ’

279 1606 310 1633 τ.
329 1606 389 1640 xn,
406 1606 477 1633 X1v.

340 1773 376 1801 Ut
391 1781 414 1800 s.

327 1818 357 1845 T.
374 1818 430 1845 XX.

342 2038 378 2066 Ut
398 2046 422 2066 s.

290 2083 321 2110 T.
335 2084 381 2118 XI,
397 2083 469 2111 XIII.

270 2252 306 2280 Μ
322 2261 388 2288 any.
407 2253 496 2281 4325.

263 2300 326 2329 (xix
341 2296 400 2324 kal.
416 2297 504 2332 sept.)

291 2341 322 2370 T.
341 2342 388 2374 XI,
407 2341 479 2368 XIII.

271 2465 308 2494 15
325 2473 392 2501 auq.
411 2465 498 2493 ¹325.

253 2511 342 2546 (xvm
355 2510 414 2538 kal.
430 2510 518 2545 sept.)

286 2555 332 2583 Gr.
348 2563 400 2591 pro
414 2556 480 2583 Deo.

577 361 751 392 JOANNIS
774 361 893 392 PAPAE
914 362 1016 392 XXII.
1040 363 1288 403 (1316-1334).
1312 381 1350 386 —
1372 364 1558 395 LITTERAE
1582 365 1805 397 COMMUNES
2146 371 2206 401 437

613 552 760 582 monast.
775 551 810 582 in
824 550 960 582 Lubens
974 550 1233 582 Wratislavien.
1248 551 1308 588 di.,
1326 553 1358 582 et
1374 551 1498 582 decano
1516 553 1734 589 Poznanien..
1747 564 1783 586 ac
1797 564 1900 596 praep.
1917 565 1945 587 s.
1960 557 2100 588 Joannis
2112 558 2207 590 Wra-

612 604 784 635 tislavien.
803 604 882 635 eccl.
904 603 957 642 (A.
973 605 1025 640 23,
1043 603 1064 634 f.
1079 605 1139 635 414
1153 608 1181 639 “;
1206 603 1239 634 V.
1264 605 1314 640 79,
1336 612 1388 643 ep.
1406 605 1512 644 2049.)

657 654 795 686 23011.
815 674 854 678 -
869 657 987 688 Joanm·
1002 655 1159 697 Rudolplzi
1177 655 1308 693 Clc'wicz,
1320 656 1400 687 cler.
1419 657 1675 690 Wratislavien.
1694 660 1754 697 di.,
1770 661 1878 700 gratia
1894 670 1990 702 exsp.
2006 663 2116 694 benef.
2136 672 2162 695 6.
2177 673 2206 695 6.

613 710 667 741 vel
686 719 713 741 s.
731 719 759 741 c.
778 711 819 741 ad
837 710 947 741 collat.
965 710 1040 741 abb.
1057 711 1089 740 et
1105 719 1201 741 conv.
1221 711 1366 741 monast.
1386 710 1421 740 in
1432 710 1579 746 Lubens.
1598 712 1736 743 Cisterc.
1751 714 1835 751 ord.,
1849 715 1945 746 dictae
1961 715 2006 745 di.
2021 734 2059 738 —
2076 716 2102 747 I.
2117 726 2145 747 e.
2162 725 2208 747 m.

613 772 717 803 praep.
738 772 766 794 s.
784 763 927 795 Joannis
943 763 1217 800 Wratislavien.,
1237 764 1270 794 et
1286 763 1412 794 decano
1429 763 1648 801 Poznanien„
1666 774 1703 795 ac
1729 766 1854 797 archid.
1882 767 2079 807 Glogovien.
2111 769 2205 806 eccl„

614 817 873 848 Wratislavien.
891 816 935 847 di.
954 816 1008 856 (A.
1033 817 1085 852 23,
1109 816 1132 846 f.
1150 817 1208 847 378
1225 820 1256 852 ⁸3
1278 815 1313 846 V.
1331 817 1382 853 79,
1402 824 1453 855 ep.
1470 816 1578 854 2051.)

658 867 798 899 23012.
817 887 854 892 -
877 869 1067 900 Poznanien.
1097 874 1126 898 et
1151 868 1417 907 Nuwimburqen„
1442 878 1478 898 ac
1504 869 1690 908 E’rforden.,
1711 871 1885 911 Mayuntin.
1908 871 1964 908 di.,
1996 873 2118 903 decanis
2133 874 2206 905 eccl.

614 923 728 954 mand.
748 924 784 954 ut
801 922 926 953 Jacobo
942 923 982 953 de
995 921 1168 958 Euschitr„
1189 930 1262 952 can.
1286 921 1365 952 eccl.
1391 921 1551 959 Misnen„
1578 923 1751 954 conferant
1775 924 1975 955 decanatum
1997 934 2024 956 c.
2055 935 2082 956 c.
2102 927 2208 966 ejusd.

616 976 709 1013 eccl.‚
730 985 830 1015 quem
859 975 1029 1006 Henricus
1059 975 1099 1006 de
1118 974 1344 1005 Wratislavia
1377 974 1476 1013 juxta
1502 975 1637 1006 constit.
1663 985 1766 1015 super
1787 977 1908 1015 plural.
1932 977 2043 1009 benef.
2067 978 2209 1011 dimisit.

616 1029 669 1068 (A.
685 1030 736 1065 23,
761 1029 782 1060 f.
801 1030 862 1060 379
879 1034 907 1064 ¹3
932 1027 965 1059 V.
984 1030 1033 1065 79,
1052 1036 1104 1067 ep.
1121 1029 1228 1066 2065.)

661 1079 799 1111 23013.
817 1099 855 1104 -
873 1081 962 1122 Ep.o
978 1080 1182 1115 Poznanien.,
1202 1084 1231 1111 et
1246 1079 1360 1111 decano
1375 1090 1410 1110 ac
1427 1080 1538 1111 scolast
1555 1081 1627 1111 eccl.
1644 1081 1798 1112 Lubucen.
1816 1083 1928 1114 mand.
1946 1093 2006 1123 pro
2020 1085 2212 1116 Wladislao

616 1135 699 1166 duce
712 1134 906 1175 Legnicen„
925 1134 1131 1165 subdiacono
1147 1133 1407 1165 Wratislavien.
1420 1134 1479 1170 di.,
1496 1136 1612 1165 contra
1624 1135 1822 1166 Bolezlaum
1834 1136 1952 1167 ducem
1961 1137 2087 1177 Bregae,
2105 1138 2211 1178 ejusd.

616 1188 676 1225 di.,
695 1187 753 1228 qui
771 1187 929 1218 ducatum
947 1187 1127 1227 Legnicen.
1148 1186 1214 1217 eid.
1234 1186 1439 1224 Wladislao,
1456 1187 1567 1226 ipsius
1590 1187 1698 1226 fratri,
1717 1197 1759 1219 ex
1777 1187 1984 1220 haereditatis
1999 1192 2146 1229 paternae
2164 1190 2211 1221 di-

615 1241 747 1272 visione
765 1241 975 1280 assignatum
991 1241 1105 1271 contra
1115 1239 1285 1279 justitiam
1305 1240 1490 1280 occupavit,
1519 1240 1714 1280 dictumque
1743 1241 1882 1273 fratrem
1907 1251 2006 1273 suum
2031 1243 2066 1273 in
2083 1245 2213 1274 arctum

617 1293 762 1325 detrusit
779 1301 948 1325 carcerem
963 1294 996 1325 et
1013 1292 1146 1324 duobus
1159 1293 1258 1323 annis
1273 1293 1383 1324 tenuit
1395 1293 1543 1324 vinculis
1557 1294 1799 1333 mancipatum.
1814 1295 1866 1333 (A.
1880 1296 1932 1334 23,
1945 1295 1967 1327 f.
1986 1297 2047 1327 426
2064 1301 2092 1331 ⁸3
2117 1295 2150 1327 V.
2163 1298 2213 1334 79,

617 1356 669 1387 ep.
686 1348 782 1383 209&
803 1347 961 1384 Theiner,
982 1346 1179 1377 Monumenla
1194 1346 1340 1376 historica
1357 1346 1508 1384 Poloniae,
1527 1348 1551 1377 t.
1574 1347 1600 1385 1,
1623 1355 1655 1386 p.
1678 1348 1750 1382 218,
1773 1348 1844 1379 doc.
1866 1348 2050 1388 CCCXLI.)

662 1397 798 1429 23014.
816 1417 855 1422 -
875 1399 1049 1430 Lombarda
1066 1399 1103 1430 de
1122 1399 1318 1431 Cardallzaco
1332 1400 1515 1439 praeficitur
1532 1400 1567 1430 in
1586 1401 1837 1440 praeceptricem
1858 1401 2039 1440 hospitalis
2062 1402 2102 1433 de
2120 1403 2217 1433 Cam-

617 1453 799 1494 pooliveto,
814 1453 959 1485 Ruthen.
976 1453 1036 1490 di.,
1046 1462 1107 1493 per
1122 1452 1254 1484 nobiles
1271 1453 1494 1485 Guillelmum
1507 1454 1539 1484 et
1553 1454 1762 1485 Bernardum
1776 1454 1931 1494 Hugonis
1947 1455 1987 1486 de
1999 1455 2216 1492 Cardalhaco‚

618 1507 752 1543 fratres,
771 1507 912 1538 fundati.
933 1523 971 1528 —
984 1506 1011 1538 I.
1030 1515 1058 1538 e.
1079 1516 1124 1537 m.
1143 1507 1151 1526 ¹
1169 1515 1244 1546 ep.o
1260 1507 1406 1538 Ruthen.
1426 1506 1477 1545 (A.
1494 1508 1546 1543 23,
1566 1507 1588 1538 f.
1606 1508 1666 1538 425
1682 1506 1711 1543 ὓ,
1733 1508 1792 1539 425
1808 1513 1836 1544 ²3
1861 1507 1895 1539 V.
1915 1510 1964 1545 79,
1984 1517 2036 1548 ep.
2053 1510 2157 1547 2101.)

664 1557 799 1589 23015.
819 1579 855 1584 -
873 1560 966 1590 Petro
981 1559 1017 1590 de
1034 1558 1198 1598 Credonio‚
1220 1564 1292 1590 nato
1312 1570 1344 1589 η.
1364 1570 1392 1590 υ.
1411 1559 1566 1590 Amalrici
1581 1559 1649 1590 dmi
1662 1560 1698 1590 de
1712 1560 1878 1598 credonio,
1897 1570 1969 1592 can.
1986 1561 2217 1601 Andegaven.,

619 1614 742 1645 indult.
757 1614 966 1653 percipiendi
980 1613 1111 1644 fructus
1129 1613 1282 1644 omnium
1297 1613 1407 1644 benef.
1425 1622 1564 1644 suorum
1582 1613 1622 1644 ad
1635 1614 1819 1645 triennium
1832 1613 1958 1654 absque
1969 1615 2162 1647 residentia.
2181 1633 2219 1638 —

620 1667 647 1699 Ι.
664 1676 694 1699 e.
715 1676 759 1698 m.
774 1667 900 1698 decano
915 1668 948 1698 et
962 1666 1088 1698 archid.
1107 1667 1146 1698 de
1164 1666 1300 1698 Sabolio
1317 1667 1556 1703 Cenomaneu,
1569 1675 1606 1697 ac
1615 1667 1744 1698 cantori
1756 1667 1988 1698 Constantien.
2002 1668 2082 1699 6661.
2101 1668 2152 1708 (A.
2167 1669 2218 1705 23,

622 1720 644 1751 f.
660 1721 719 1752 431
740 1719 770 1756 ¹‘;
791 1719 825 1750 V.
841 1722 892 1756 79,
909 1728 960 1760 ep.
980 1719 1089 1760 2115.)

667 1771 803 1803 23016.
823 1792 861 1796 -
878 1773 962 1814 May.
980 1773 1170 1814 Pandulplzo
1186 1773 1223 1803 de
1237 1773 1381 1810 Sabellis,
1397 1773 1494 1813 Papae
1511 1772 1642 1807 notario.
1660 1773 1882 1804 committitur
1899 1782 2000 1805 causa
2021 1775 2155 1805 vertens
2171 1775 2220 1805 in-

621 1829 673 1859 ter
692 1827 861 1867 Angelum
880 1827 1069 1860 viterbien.
1099 1828 1132 1858 et
1151 1827 1341 1858 Tuscanen.
1361 1835 1487 1866 ep.um‚
1505 1835 1545 1857 ex
1563 1835 1642 1863 una,
1663 1827 1695 1857 et
1720 1826 1848 1857 clerum
1875 1835 1912 1857 ac
1941 1827 2103 1866 populum
2117 1827 2220 1858 castri

621 1881 821 1916 Montisalti,
842 1881 1030 1912 Tuscanen.
1056 1880 1116 1916 di.,
1133 1889 1176 1911 ex
1204 1880 1311 1911 altera
1335 1881 1440 1920 parte,
1465 1888 1567 1919 super
1586 1879 1710 1910 unione
1739 1879 1958 1910 ecclesiarum
1983 1880 2171 1911 Viterbien.
2187 1881 2220 1911 et

622 1934 825 1972 Tuscanen.,
843 1935 876 1965 et
891 1943 952 1973 pro
969 1942 1007 1965 eo
1027 1934 1117 1973 quod
1134 1933 1176 1964 ab
1193 1941 1269 1973 ep.o
1291 1933 1444 1965 castren.
1470 1932 1663 1972 spiritualia
1686 1932 1906 1971 recipiebant.
1931 1933 1984 1973 (A.
2002 1934 2050 1970 23,
2070 1933 2093 1963 f.
2110 1934 2171 1964 452
2186 1938 2217 1970 ι,

628 1987 661 2018 V.
683 1989 733 2024 79,
754 1995 806 2027 ep.
823 1987 930 2025 2122.)

668 2037 805 2070 23017.
822 2058 861 2063 --
873 2040 991 2072 Joanm'
1008 2039 1182 2071 Strabaudi
1196 2040 1308 2071 collat.
1325 2038 1460 2079 paroch.
1479 2039 1558 2070 6661.
1574 2039 1614 2070 (16
1628 2038 1766 2074 Virano,
1785 2039 1981 2078 Appamiar.
2000 2039 2060 2076 di.,
2078 2047 2149 2070 vac.
2163 2047 2223 2079 per

624 2093 755 2125 obitum
769 2093 946 2126 Guillelmi
962 2093 1055 2125 Petri
1070 2094 1188 2129 Barra,
1213 2093 1303 2133 apud
1324 2093 1357 2124 S.
1382 2093 1423 2124 A.
1452 2092 1602 2123 defuncti
1610 2101 1619 2129 ;
1637 2101 1713 2130 cum
1737 2091 1942 2132 obligatione
1959 2092 2153 2123 dimittendi
2168 2101 2223 2132 pa-

624 2146 716 2177 roch.
734 2146 815 2178 eccl.
831 2146 872 2177 de
890 2146 1024 2184 Pradis‚
1040 2146 1137 2177 diotae
1155 2146 1199 2177 di.
1220 2163 1258 2168 —
1273 2146 1300 2176 I.
1326 2154 1355 2177 e.
1382 2154 1428 2176 m.
1458 2145 1534 2176 abb.
1554 2146 1698 2176 monast.
1728 2146 1872 2182 Fuxen.,
1899 2145 2095 2184 Appamiar.
2113 2145 2172 2183 di.,
2190 2146 2222 2176 et

625 2199 751 2230 archid.
772 2208 810 2230 ac
827 2199 978 2230 sacristae
995 2199 1077 2230 eccl.
1097 2199 1355 2238 Appamiarum.
1378 2199 1430 2237 (A.
1449 2200 1502 2234 23,
1517 2198 1539 2228 f.
1557 2199 1617 2229 508
1633 2203 1665 2240 ’ἰ
1691 2198 1726 2229 V.
1750 2200 1800 2235 79,
1821 2207 1872 2237 ep.
1893 2199 1998 2237 2322.)

671 2249 810 2282 23018.
826 2270 863 2275 —
883 2251 976 2282 Petro
992 2256 1065 2282 nato
1083 2251 1236 2292 quondam
1255 2250 1393 2282 Conradi
1408 2251 1445 2281 de
1460 2251 1548 2282 Νουιι
1559 2250 1669 2281 Pilzna
1682 2260 1775 2291 prov.
1793 2259 1909 2282 canon.
1927 2250 1991 2282 sub
2005 2259 2099 2290 exsp.
2120 2250 2223 2290 praeb.

627 2305 706 2336 6661.
726 2305 969 2342 Bolezlavien.,
987 2305 1130 2344 Pragen.
1152 2304 1220 2340 di.;
1238 2313 1306 2335 non
1322 2304 1409 2336 obst.
1424 2304 1560 2344 paroch.
1580 2304 1660 2335 eccl.
1680 2304 1716 2335 in
1732 2304 1839 2341 Straz,
1858 2304 1954 2335 dictae
1970 2304 2015 2334 di.
2032 2322 2070 2327 ——
2085 2304 2111 2334 Ι.
2131 2313 2159 2335 e.
2178 2312 2222 2335 m.

627 2366 703 2398 ep.o
718 2357 938 2397 Forojulien„
964 2358 996 2389 et
1025 2357 1065 2389 de
1083 2357 1268 2397 Aularegia
1297 2366 1334 2388 ac
1362 2357 1580 2394 Brenovien.,
1608 2357 1751 2397 Pragen.
1775 2357 1834 2395 di.,
1863 2358 2008 2388 monast.
2035 2356 2224 2388 abbatibus.

626 2411 680 2451 (A.
698 2412 751 2446 23,
768 2411 790 2442 f.
810 2412 870 2442 414
886 2410 923 2448 ι’;
945 2409 978 2441 V.
995 2412 1045 2446 79,
1065 2419 1118 2450 ep.
1135 2412 1242 2449 2050.)

672 2455 812 2494 23019.
834 2482 872 2487 -
887 2463 975 2505 Epo
1001 2463 1164 2493 Paccen.et
1182 2462 1250 2493 abb.
1274 2466 1405 2493 monast.
1426 2462 1462 2493 S.
1485 2463 1527 2494 M.
1555 2462 1693 2493 Maniaci
1714 2462 1954 2504 Montisreqalis,
1978 2463 2149 2494 Messanen.
2169 2462 2226 2500 di.,

629 2517 853 2549 committitur
868 2525 971 2548 causa
986 2516 1226 2557 appellationis
1242 2516 1424 2556 interJectae
1442 2524 1502 2555 per
1518 2516 1693 2556 Ninphum
1711 2516 1751 2547 de
1767 2516 1800 2548 S.
1821 2517 1961 2556 Angelo,
1985 2516 2061 2549 abb.
2082 2517 2225 2548 monast.

629 2579 657 2602 s.
675 2570 797 2610 Angeli
814 2570 854 2601 de
870 2570 984 2607 Bloro‚
1002 2569 1072 2600 ord.
1091 2578 1119 2600 s.
1136 2569 1269 2607 Basilii,
1286 2569 1477 2600 Messanen.
1493 2568 1553 2604 di.,
1574 2577 1593 2599 a
1607 2569 1753 2600 diversis
1771 2569 2024 2609 gravaminibus
2039 2570 2106 2609 ipsi
2121 2569 2226 2600 illatis

628 2632 688 2664 per
701 2623 900 2663 Nimphum,
932 2622 1232 2654 archimandritam
1256 2623 1400 2653 monast.
1426 2630 1454 2653 s.
1483 2621 1671 2653 Salvatoris
1693 2622 1734 2654 de
1756 2622 1930 2663 Lingafari
1957 2623 2161 2659 Messanen„
2186 2621 2228 2653 ad

629 2677 670 2709 R.
686 2677 724 2708 E.
743 2676 837 2708 nullo
853 2676 965 2708 medio
981 2676 1119 2716 pertin„
1136 2675 1216 2707 dicti
1234 2675 1376 2712 ordinis,
1395 2683 1495 2706 suum
1512 2675 1644 2715 patrem
1663 2674 1830 2707 abbatem.
1849 2675 2120 2707 Archimandrita
2136 2674 2227 2706 enim

631 2730 758 2762 dictum
772 2729 958 2769 Nimphum
974 2728 1171 2760 durioribus
1190 2729 1336 2760 carceris
1352 2727 1594 2768 asperitatibus
1609 2728 1744 2768 afflixit,
1760 2729 1844 2760 diris
1861 2727 2105 2768 quaestionibus
2128 2735 2226 2766 expo·

631 2783 711 2819 suit,
729 2783 949 2823 appellationi
968 2782 1009 2814 ad
1024 2782 1057 2814 S.
1078 2783 1118 2814 A.
1136 2783 1168 2813 et
1183 2781 1342 2823 regimini
1368 2782 1515 2813 monast.
1535 2781 1570 2813 S.
1589 2782 1710 2821 Angeli
1729 2782 1846 2813 cedere
1874 2781 1991 2821 coegit,
2009 2780 2061 2811 cui
2078 2779 2227 2819 praefecit

629 2836 817 2876 Nimphum
833 2836 873 2867 de
894 2836 1012 2871 Tuzia‚
1032 2844 1121 2867 mon.
1141 2836 1286 2867 monast.
1310 2844 1337 2866 s.
1362 2834 1550 2866 Salvatoris
1567 2834 1757 2869 memorati,
1782 2833 1951 2865 notarium
1975 2841 2085 2864 suum.
2105 2832 2156 2872 (A.
2175 2833 2227 2870 23,

632 2890 655 2921 f.
671 2891 730 2921 417
746 2889 776 2927 b;
801 2889 836 2921 V.
856 2891 906 2925 79,
925 2897 978 2929 ep.
995 2889 1102 2929 2067.)

666 3014 688 3038 1.
706 3013 741 3038 In
758 3014 886 3045 regestro
903 3011 1098 3038 Avenionensi
1115 3011 1250 3044 gratiosae
1269 3013 1373 3043 praeest
1396 3010 1561 3036 executoria
1584 3017 1646 3042 quae
1663 3009 1811 3035 invenitur
1828 3008 1933 3040 pagina
1949 3008 2010 3033 425·
2030 3007 2079 3032 ubi
2099 3007 2224 3039 ponitur.

635 3067 645 3081 ι
665 3058 777 3083 attende
789 3058 859 3090 quod
873 3058 926 3083 ista
939 3056 1030 3082 littera
1044 3057 1117 3082 debet
1131 3057 1218 3082 venire
1230 3057 1291 3088 post
1306 3055 1378 3081 illam
1397 3062 1444 3088 que
1462 3056 1499 3080 est
1514 3055 1541 3079 in
1555 3054 1674 3086 sequenti
1686 3053 1786 3085 payina
1801 3054 1825 3078 et
1836 3053 1924 3084 polest
1938 3051 2067 3077 abrem'ari
2083 3058 2141 3076 cum
2157 3058 2197 3077 ea.
2214 3059 2229 3074 »
