2592 3562
376 333 435 363 122

408 423 512 449 Datum
529 417 713 451 Avenz'one.

412 525 425 551 1
441 524 524 560 (kal.)
537 525 605 551 maii
623 524 709 552 1324.

506 569 536 596 T.
558 569 613 596 XL.

524 684 558 711 Ut
575 691 598 710 s.

489 728 520 755 T.
542 728 637 755 XXVI.

525 897 558 924 Ut
579 905 602 924 s.

492 941 523 968 T.
542 941 623 968 XXX.

522 1057 557 1084 Ut
578 1065 601 1084 s.

457 1101 487 1128 T.
506 1101 564 1134 XII,
582 1101 652 1128 XIV.

371 1377 391 1405 2
409 1381 450 1414 (vi
470 1378 550 1410 non.)
568 1380 637 1406 maii
654 1379 742 1407 1324.

468 1423 499 1450 Τ.
517 1423 563 1457 XI,
581 1423 653 1451 XIII.

519 1646 554 1674 Ut
569 1655 593 1674 s.

446 1691 491 1719 Gr.
509 1699 561 1726 pro
577 1691 664 1719 socio.

514 2020 550 2048 Ut
569 2029 592 2048 s.

492 2066 523 2094 T.
542 2066 619 2093 1V¹¹.

515 2234 551 2262 Ut
571 2243 596 2262 s.

512 2501 548 2529 Ut
568 2511 591 2531 S.

454 2545 484 2572 T.
502 2546 557 2577 LX,
574 2545 653 2573 LXII.

511 2929 547 2957 Ut
563 2938 587 2956 s.

459 2973 490 3001 T.
507 2973 554 3008 XI,
572 2974 644 3001 XIII.

762 331 935 363 JOANNIS
959 332 1077 364 PAPAE
1099 333 1201 365 XXII.
1227 335 1475 375 (1816-1384).
1500 353 1538 359 -—
1560 335 1749 367 LITTERAE
1772 335 1998 369 COMMUNES

851 521 986 554 19178.
1002 542 1040 547 -
1060 525 1163 556 Vicen.
1179 529 1207 555 et
1224 524 1396 556 Gerunden.
1408 526 1473 567 ep.i
1487 526 1610 557 dantur
1623 527 1660 557 ut
1669 525 1802 566 judices
1813 527 2070 559 conservatores
2083 526 2125 559 ad
2135 527 2407 569 quinquennium

803 577 973 609 Galhardo
990 577 1030 609 de
1047 578 1262 618 Balaguerio,
1281 579 1382 619 Papae
1397 587 1482 620 cap.‚
1501 579 1607 619 priori
1622 579 1795 624 prioratus
1811 579 1848 611 B.
1866 579 1911 611 Μ.
1930 579 1971 612 (18
1986 580 2227 616 Monteserato‚
2241 581 2280 614 O.
2297 582 2332 615 S.
2351 583 2405 620 Β.,

803 631 922 663 Vicen.
943 631 988 662 di.
1006 631 1059 672 (A.
1075 633 1125 667 20,
1141 632 1164 663 f.
1183 633 1240 665 100
1257 632 1286 669 *²3
1306 631 1340 664 V.
1356 635 1407 671 77,
1427 641 1480 673 ep.
1500 633 1605 671 1045.)

850 681 985 714 19179.
1000 702 1038 706 -
1060 684 1174 722 νὶσεη.,
1193 685 1419 717 Barchinonen.
1434 690 1462 716 ee
1476 685 1591 716 Elnen.
1607 686 1685 727 epis
1700 685 1813 717 mand.
1826 687 1863 718 ut
1875 687 2034 719 revocent
2047 695 2209 720 onerosas
2224 688 2407 728 pensiones

803 738 991 778 promissas
1003 739 1035 770 et
1049 747 1228 770 concessas
1245 748 1264 770 a
1275 739 1449 780 prioribus
1462 740 1494 770 et
1506 748 1601 770 conv.
1618 739 1790 779 prioratus
1807 739 1847 771 de
1860 740 2102 778 Monteserato,
2119 741 2158 773 Ο.
2174 741 2208 773 S.
2223 741 2274 779 Β.,
2287 741 2404 775 Vicen.

803 791 862 829 di.,
892 793 925 822 et
942 791 1089 823 diversis
1115 792 1271 832 personis
1293 792 1390 823 annis
1417 792 1564 833 singulis
1584 792 1848 833 persolvendas3
1872 793 2020 825 instante
2040 793 2202 834 praedicto
2224 794 2405 828 Galhardo.

802 845 855 884 (A.
874 846 924 882 20,
940 844 962 877 f.
977 845 1081 883 ⁴86¹>5
1106 845 1142 876 V.
1159 847 1208 883 77,
1232 854 1284 885 ep.
1305 847 1407 884 1057.)

849 895 984 928 19180.
1003 916 1043 921 -
1068 898 1172 929 Vicen.
1195 904 1222 930 ee
1243 898 1413 931 Gerunden.
1439 899 1519 940 epa‘s
1543 899 1655 930 mand.
1682 900 1719 930 ut
1736 899 1877 940 praefato
1895 899 2065 932 Galhardo
2089 900 2233 941 Justitiae
2258 901 2406 942 comple-

803 954 952 983 mentum
978 952 1159 984 exhibeant
1186 952 1227 983 de
1258 953 1522 984 alienationibus
1549 953 1810 993 possessionum
1839 953 2026 993 supradicti
2054 953 2239 994 prioratus.
2266 955 2319 993 (A.
2352 955 2404 992 20,

802 1005 824 1036 f.
850 1007 909 1037 486
927 1005 956 1042 b;
981 1005 1015 1037 V.
1034 1008 1084 1043 77,
1102 1014 1154 1045 ep.
1177 1006 1282 1045 1058.)

848 1056 981 1088 19481.
1003 1076 1042 1082 —-
1057 1058 1201 1090 Monaldo
1219 1059 1254 1090 de
1267 1059 1453 1095 Castroeino,
1466 1068 1538 1091 can.
1557 1060 1589 1090 et
1604 1059 1754 1091 sacristae
1768 1060 1848 1091 eccl.
1867 1059 2001 1096 Oscen„
2016 1060 2116 1101 Papae
2130 1069 2218 1101 cap.‚
2235 1060 2407 1093 indultum

802 1113 1011 1152 percipiendi
1023 1112 1153 1144 fructus
1170 1112 1322 1144 omnium
1340 1112 1450 1144 henes.
1467 1121 1607 1144 suorum
1620 1112 1748 1153 absque
1759 1113 1944 1145 residentia
1955 1113 1998 1145 ad
2009 1112 2200 1152 biennium,
2217 1114 2407 1146 insistendo

801 1166 866 1197 litt.
884 1166 997 1197 studio
1019 1166 1054 1197 in
1072 1166 1145 1197 loco
1161 1165 1220 1197 ubi
1242 1166 1330 1197 illud
1351 1166 1463 1206 vigeat
1479 1166 1649 1207 generale,
1666 1166 1721 1198 vel
1741 1166 1922 1198 residendo
1945 1167 1981 1198 in
1999 1167 2107 1199 altero
2122 1167 2292 1199 dictorum
2305 1167 2412 1200 bene-

802 1220 968 1256 ficiorum,
983 1219 1090 1250 autin
1106 1220 1260 1251 Romana
1283 1220 1378 1250 curia
1395 1228 1524 1251 moram
1540 1220 1716 1251 trahendo.
1738 1237 1776 1243 -
1798 1221 1824 1252 Ι.
1848 1229 1876 1252 e.
1900 1229 1944 1251 m.
1967 1229 2043 1260 ep.o
2064 1220 2357 1261 carpentoraten„
2373 1222 2408 1254 et

802 1273 928 1304 archid.
946 1273 1120 1312 Rippariae
1141 1273 1313 1311 Tarvien.,
1338 1281 1376 1304 ac
1399 1273 1551 1304 Arnaldo
1577 1273 1618 1304 de
1642 1273 1878 1313 Marchasavae,
1898 1282 1971 1305 8811.
1992 1273 2151 1306 Tolosan.
2172 1274 2252 1306 eccl.
2279 1274 2334 1315 (A.
2354 1275 2405 1312 21,

801 1326 823 1357 f.
841 1327 900 1358 368
914 1326 943 1364 ¹³3
965 1326 1001 1358 V.
1021 1328 1070 1364 77,
1088 1335 1140 1366 ep.
1158 1326 1264 1366 1896.)

847 1377 983 1409 19182.
999 1397 1037 1401 -
1054 1379 1147 1409 Petro
1165 1379 1330 1419 Stephani,
1347 1379 1388 1410 D.
1405 1379 1460 1416 D.,
1476 1380 1571 1419 Papae
1584 1388 1670 1419 cap.‚
1682 1379 1771 1411 conf.
1787 1380 1959 1419 prioratus
1971 1380 2012 1412 de
2025 1380 2235 1420 Savarduno,
2251 1381 2290 1414 O.
2304 1381 2338 1413 S.
2351 1382 2405 1419 A„

801 1433 921 1465 Riven.
940 1433 999 1470 di.,
1016 1433 1057 1464 ad
1077 1434 1220 1463 monast.
1235 1441 1263 1462 s.
1280 1432 1457 1464 Saturnini
1472 1432 1647 1470 Tolosan„
1661 1433 1769 1472 ejusd.
1781 1433 1871 1474 ord.,
1887 1433 1984 1473 cujus
1999 1433 2118 1466 existit
2130 1443 2217 1472 can.,
2232 1434 2359 1475 pertin.
2374 1435 2408 1466 et

801 1495 861 1526 per
886 1487 997 1526 ipsius
1024 1487 1169 1517 monast.
1192 1494 1265 1516 can.
1288 1485 1411 1516 solitus
1433 1485 1527 1525 gub.,
1553 1494 1624 1516 vac.
1644 1495 1705 1526 per
1726 1485 1857 1517 obitum
1882 1487 1971 1526 apud
1990 1486 2024 1519 S.
2048 1487 2090 1519 A.
2115 1487 2314 1528 Berengarii
2338 1487 2407 1528 ep.i

801 1541 962 1571 Portuen.
978 1557 1017 1562 —
1038 1540 1065 1570 Ι.
1083 1548 1112 1570 8.
1132 1548 1178 1570 m.
1200 1548 1303 1579 praep.
1320 1539 1456 1576 Riven.,
1482 1541 1514 1570 et
1535 1539 1576 1570 de
1600 1539 1863 1571 Veterimoresio
1884 1549 1922 1571 ac
1945 1540 1985 1571 de
2007 1540 2228 1581 Villalongua
2244 1541 2406 1573 Tolosan-

801 1593 961 1624 archid.is
976 1593 1056 1624 8881.
1077 1593 1127 1632 (A.
1146 1594 1195 1629 20,
1214 1593 1236 1623 f.
1253 1594 1312 1624 467
1332 1597 1360 1629 ³3
1386 1592 1421 1624 V.
1441 1594 1492 1628 76,
1508 1601 1560 1632 ep.
1578 1593 1663 1631 922.)

847 1644 983 1676 19183.
999 1663 1037 1668 -
1055 1646 1140 1687 May.
1162 1645 1323 1677 Guillelmo
1341 1645 1377 1676 de
1397 1656 1421 1676 s.
1447 1646 1580 1684 Victore,
1596 1645 1719 1677 rectori
1735 1646 1815 1678 eccl.
1834 1655 1861 1678 s.
1878 1647 1971 1678 Petri
1988 1647 2028 1678 de
2042 1647 2184 1680 Foresta
2198 1648 2406 1688 Aquinaten.

800 1701 860 1736 di.,
879 1701 978 1740 Papae
993 1700 1122 1740 script„
1138 1700 1226 1731 cons.
1250 1699 1362 1731 benef.
1383 1700 1471 1739 quod
1487 1701 1691 1739 personatus
1708 1700 1748 1731 de
1769 1699 1958 1732 Wambeke
1978 1700 2165 1741 vulgariter
2179 1702 2404 1742 nuncupatur,

801 1754 1016 1785 Cameracen.
1036 1754 1094 1791 di.,
1114 1754 1165 1792 (60
1182 1753 1204 1784 1.
1224 1753 1274 1792 t.)‚
1292 1762 1363 1784 vac.
1383 1762 1443 1793 per
1456 1752 1587 1784 obitum
1602 1753 1691 1793 apud
1711 1754 1746 1786 S.
1766 1754 1806 1785 A.
1831 1753 1991 1785 Hominis
2006 1754 2048 1786 de
2063 1754 2222 1786 Peretulo
2237 1763 2313 1787 can.
2329 1754 2408 1787 'l'ri-

800 1807 947 1845 dentin.;
966 1816 1033 1838 non
1051 1807 1137 1838 obst.
1156 1807 1235 1838 aliis
1251 1806 1362 1838 benef.
1380 1806 1433 1838 hic
1447 1815 1515 1838 non
1532 1807 1717 1846 expressis.
1737 1824 1775 1829 —-
1792 1807 1819 1838 Ι.
1838 1816 1867 1839 8.
1887 1804 1932 1838 m.
1954 1807 2031 1839 abb.
2050 1809 2195 1840 monast.
2215 1817 2243 1839 s.
2262 1807 2407 1841 Auberti

801 1861 1031 1898 Cameracen.,
1049 1863 1082 1892 et
1099 1861 1272 1892 Armando
1295 1861 1336 1892 de
1359 1860 1523 1892 Narcesio
1546 1861 1673 1892 decano
1689 1869 1717 1892 s.
1738 1860 1900 1900 Stephani
1918 1861 1958 1892 de
1982 1861 2132 1893 Tescone
2149 1861 2404 1900 Montisalban.,

800 1915 832 1946 et
846 1914 971 1946 Jacoho
988 1915 1028 1945 de
1042 1915 1183 1951 Mutina,
1204 1923 1276 1945 can.
1294 1914 1510 1958 Cameracen.
1531 1914 1624 1950 8881..
1648 1914 1748 1954 Papae
1769 1914 1967 1954 capellanis.
1984 1914 2039 1954 (A.
2057 1915 2107 1950 ΞΟ,
2133 1914 2158 1946 f.
2172 1916 2234 1947 469
2252 1914 2281 1952 [Π
2297 1915 2339 1948 Α.
2354 1917 2405 1953 21,

799 1968 822 1999 f.
838 1969 898 2000 239
916 1974 945 2005 ³;
970 1968 1005 2000 V.
1023 1970 1072 2006 76,
1092 1977 1146 2008 ep.
1168 1968 1253 2007 937.)

846 2018 981 2050 19484.
1002 2039 1041 2044 -
1057 2021 1265 2062 Berenqarius
1280 2030 1370 2052 mon.
1385 2022 1417 2052 et
1433 2020 1643 2052 infirmarius
1658 2022 1804 2052 monast.
1821 2029 1849 2052 s,
1868 2021 1962 2052 Petri
1977 2020 2017 2053 de
2035 2021 2237 2060 Bisulduno,
2250 2021 2294 2054 ad
2305 2022 2347 2054 R.
2363 2022 2403 2054 E.

799 2075 893 2106 nullo
906 2075 1017 2107 medio
1033 2075 1169 2115 pertin,
1189 2075 1227 2107 O.
1242 2075 1276 2106 S.
1293 2075 1344 2112 Β.,
1362 2074 1557 2106 Gerunden.
1573 2074 1631 2110 di.,
1645 2066 1688 2105 ei.
1701 2074 1736 2105 in
1750 2073 1827 2105 abb.
1845 2074 1952 2114 ejusd.
1970 2075 2170 2106 monasterii
2183 2076 2262 2116 post
2274 2074 2406 2107 obitum

798 2129 972 2166 Dalmatii,
991 2129 1221 2160 confirmatur.
1244 2146 1283 2151 —
1303 2128 1329 2159 I.
1358 2136 1387 2159 e.
1407 2136 1452 2159 m.
1482 2127 1601 2167 priori,
1624 2136 1720 2159 conv,
1738 2136 1776 2158 ac
1798 2127 1961 2158 vassallis
1989 2127 2071 2160 dicti
2094 2129 2259 2166 monast.;
2278 2128 2405 2161 Jacoho

798 2182 870 2222 regi
887 2184 1094 2222 Aragonum.
1112 2182 1164 2221 (A.
1183 2184 1234 2218 20,
1252 2181 1274 2212 f.
1294 2183 1354 2214 509
1371 2187 1402 2219 ³3
1422 2181 1458 2213 V.
1482 2183 1533 2218 76,
1553 2190 1605 2221 ep.
1622 2181 1707 2221 990.)

844 2233 981 2265 19485.
1010 2254 1048 2258 -
1073 2235 1200 2275 Huqoni
1218 2235 1255 2266 de
1277 2234 1412 2272 Cerseto,
1433 2244 1506 2266 can.
1531 2234 1678 2274 praeben.
1705 2234 1785 2266 eccl.
1812 2235 1850 2266 B.
1871 2235 1916 2266 M.
1940 2234 2082 2274 Majoris
2101 2235 2286 2274 pictaven„
2316 2235 2406 2268 conf.

797 2290 934 2329 paroch.
948 2289 1028 2321 eccl.
1044 2290 1085 2321 de
1099 2289 1283 2327 Mansiaco,
1298 2289 1469 2320 Pictaven.
1481 2288 1540 2325 di.,
1555 2297 1627 2319 vac.
1644 2297 1704 2328 per
1716 2288 1878 2328 resignat.
1895 2288 1986 2320 Petri
1999 2288 2149 2320 Pelherii
2156 2288 2254 2329 juxta
2267 2289 2404 2322 constit.

798 2352 901 2382 super
915 2343 1039 2383 plural.
1058 2343 1168 2374 benef.
1190 2361 1228 2365 -
1249 2343 1277 2374 Ι.
1299 2351 1329 2374 8.
1347 2351 1392 2373 m.
1410 2341 1486 2373 abb.
1503 2341 1616 2373 saecul.
1638 2342 1782 2373 monast.
1799 2342 1836 2373 B.
1859 2342 1904 2373 Μ.
1921 2341 2072 2381 Majoris,
2092 2343 2126 2373 et
2143 2342 2268 2374 Joanni
2282 2343 2403 2374 Borre·

796 2397 884 2432 telli,
900 2396 1042 2437 majoris
1057 2397 1242 2434 Pictaven.,
1262 2405 1299 2427 ac
1317 2396 1450 2428 Garsiae
1468 2395 1583 2434 Fabri,
1601 2395 1752 2427 Aduren.
1778 2404 1852 2426 can.
1869 2395 1950 2427 8881.
1969 2395 2024 2436 (A.
2049 2396 2100 2434 20,
2122 2395 2145 2426 f.
2161 2397 2218 2427 511
2245 2395 2278 2433 ”3
2299 2395 2334 2428 V.
2353 2397 2404 2432 77,

797 2459 849 2490 ep.
869 2451 974 2488 1002.)

846 2501 980 2533 19486.
999 2522 1038 2526 ——
1054 2504 1243 2535 Relaxatur
1257 2512 1365 2544 usque
1390 2503 1432 2534 ad
1449 2503 1635 2535 triennium
1654 2502 1876 2534 interdictum
1890 2502 1944 2534 cui
1962 2502 2112 2543 subjacet
2127 2502 2334 2535 universitas
2347 2511 2406 2543 op·

797 2557 869 2596 pidi
886 2558 926 2589 de
943 2566 970 2588 s.
992 2558 1164 2595 Trudone‚
1183 2557 1343 2589 Leodien.
1367 2557 1427 2595 di.,
1446 2558 1585 2596 propter
1601 2556 1839 2596 occupationes
1860 2555 2029 2587 bonorum
2047 2557 2194 2588 monast.
2214 2556 2255 2588 de
2271 2565 2300 2587 s.
2319 2556 2404 2588 Tru-

796 2611 894 2648 done,
912 2611 950 2642 Ο.
973 2612 1006 2642 S.
1025 2612 1076 2647 Β.,
1093 2611 1190 2642 dictae
1210 2611 1269 2648 di.,
1286 2619 1352 2650 quo
1370 2610 1507 2642 facilius
1523 2610 1564 2641 ad
1582 2609 1842 2650 compositionis
1859 2610 2024 2640 tractatus
2039 2609 2128 2641 inter
2144 2609 2404 2642 universitatem

796 2665 829 2695 et
845 2666 990 2695 monast.
1009 2664 1188 2703 praefatum
1205 2664 1358 2695 deveniri
1374 2663 1497 2695 valeat.
1515 2681 1553 2686 —
1568 2663 1594 2694 Ι.
1612 2671 1642 2695 8.
1660 2671 1706 2694 m.
1722 2662 1952 2703 Affligenien„
1974 2664 2008 2694 et
2023 2662 2064 2694 de
2084 2662 2174 2694 Loco
2191 2671 2220 2694 s.
2237 2663 2404 2695 Ber-nardi

796 2725 833 2748 ac
851 2725 879 2748 s.
902 2717 1079 2748 Michaelis
1101 2717 1348 2757 Antwerpien.,
1373 2718 1590 2749 Cameracen.
1614 2716 1675 2754 di.,
1699 2717 1845 2747 monast.
1864 2715 1941 2747 abb.
1965 2717 2003 2747 ut
2019 2715 2267 2748 relaxationem
2283 2716 2405 2758 hujus-

795 2770 888 2802 modi
914 2770 1087 2810 publicent
1104 2771 1148 2807 et,
1167 2770 1197 2801 si
1220 2771 1393 2802 transacto
1415 2770 1576 2810 praedicto
1596 2769 1743 2801 triennio
1764 2770 1928 2800 tractatus
1953 2768 2106 2808 praedicti
2124 2777 2192 2800 non
2215 2769 2403 2802 sortiantur

795 2823 963 2860 effectum,
979 2823 1087 2855 eamd.
1105 2823 1364 2855 universitatem
1382 2823 1416 2854 in
1430 2823 1555 2854 dictam
1574 2822 1747 2854 interdicti
1764 2822 1970 2854 sententiam
1987 2822 2152 2854 recidisse
2167 2823 2303 2863 publice
2315 2831 2403 2855 nun-

793 2877 890 2909 tient.
914 2876 966 2915 (A.
980 2878 1031 2915 20,
1049 2877 1072 2908 f.
1088 2878 1147 2908 516
1164 2882 1195 2914 ὃς
1217 2876 1253 2908 V.
1274 2879 1325 2914 77,
1340 2885 1394 2916 ep.
1413 2875 1521 2916 1032.)

840 2927 975 2960 19487.
993 2947 1033 2953 -
1051 2929 1208 2961 Galhardo
1230 2928 1365 2960 Castana
1382 2929 1470 2961 conf.
1487 2928 1622 2969 paroch.
1641 2929 1723 2960 8881.
1742 2929 1783 2960 (18
1798 2929 1926 2970 Talays
1941 2929 1976 2960 in
1991 2929 2155 2968 Medulto,
2175 2929 2399 2970 Burdegalen.

794 2983 854 3022 di.,
871 2985 922 3024 (16
942 2984 965 3015 l.
980 2984 1033 3024 t.)‚
1052 2992 1154 3024 quam
1170 2983 1296 3015 Vitalis
1318 2982 1470 3015 Rosselli
1485 2983 1584 3023 juxta
1604 2982 1741 3014 constit.
1771 2991 1874 3022 super
1893 2983 2016 3023 plural.
2033 2982 2147 3015 benef.
2164 2983 2315 3021 dimisit3
2332 2992 2400 3016 non

795 3037 882 3069 obst.
903 3037 939 3069 in
957 3037 1037 3069 eccl.
1059 3045 1087 3068 s.
1103 3036 1256 3069 Severini
1271 3036 1493 3077 Burdegalen.
1512 3036 1658 3077 quadam
1673 3035 1793 3077 capell.
1813 3045 1840 3067 s.
1858 3045 1886 3068 c.
1904 3052 1942 3058 —
1958 3036 1986 3068 Ι.
2007 3044 2036 3068 e.
2052 3044 2098 3068 m.
2114 3036 2240 3069 decano
2256 3045 2284 3068 s.
2299 3036 2398 3069 Seve-
