<?xml version="1.0" encoding="UTF-8"?>
<!DOCTYPE html PUBLIC "-//W3C//DTD XHTML 1.0 Transitional//EN"
    "http://www.w3.org/TR/xhtml1/DTD/xhtml1-transitional.dtd">
<html xmlns="http://www.w3.org/1999/xhtml" xml:lang="en" lang="en">
 <head>
  <title>
</title>
<meta http-equiv="Content-Type" content="text/html;charset=utf-8" />
  <meta name='ocr-system' content='tesseract 3.04.00' />
  <meta name='ocr-capabilities' content='ocr_page ocr_carea ocr_par ocr_line ocrx_word'/>
</head>
<body>
  <div class='ocr_page' id='page_1' title='image "./lettrescommunes05romeuoft_0291.png"; bbox 0 0 2592 3562; ppageno 0'>
   <div class='ocr_carea' id='block_1_1' title="bbox 0 0 134 3562">
    <p class='ocr_par' dir='ltr' id='par_1_1' title="bbox 0 0 134 3562">
     <span class='ocr_line' id='line_1_1' title="bbox 0 0 134 3562; baseline 0 0"><span class='ocrx_word' id='word_1_1' title='bbox 0 0 134 3562; x_wconf 95' lang='lat' dir='ltr'><strong> </strong></span> 
     </span>
    </p>
   </div>
   <div class='ocr_carea' id='block_1_2' title="bbox 251 428 559 462">
    <p class='ocr_par' dir='ltr' id='par_1_2' title="bbox 251 428 559 462">
     <span class='ocr_line' id='line_1_2' title="bbox 251 428 559 462; baseline -0.006 -1"><span class='ocrx_word' id='word_1_2' title='bbox 251 434 357 462; x_wconf 76' lang='lat' dir='ltr'>Datum</span> <span class='ocrx_word' id='word_1_3' title='bbox 373 428 559 462; x_wconf 73' lang='lat' dir='ltr'><strong>Avenione.</strong></span> 
     </span>
    </p>
   </div>
   <div class='ocr_carea' id='block_1_3' title="bbox 289 693 518 816">
    <p class='ocr_par' dir='ltr' id='par_1_3' title="bbox 289 693 518 816">
     <span class='ocr_line' id='line_1_3' title="bbox 289 693 518 723; baseline -0.013 0"><span class='ocrx_word' id='word_1_4' title='bbox 289 694 329 723; x_wconf 82' lang='lat'><strong>28</strong></span> <span class='ocrx_word' id='word_1_5' title='bbox 346 693 405 722; x_wconf 83' lang='lat' dir='ltr'><strong>dec.</strong></span> <span class='ocrx_word' id='word_1_6' title='bbox 428 693 518 721; x_wconf 67' lang='lat'><strong>4324.</strong></span> 
     </span>
     <span class='ocr_line' id='line_1_4' title="bbox 305 736 503 775; baseline -0.005 -10"><span class='ocrx_word' id='word_1_7' title='bbox 305 738 337 775; x_wconf 90' lang='lat' dir='ltr'><strong>(v</strong></span> <span class='ocrx_word' id='word_1_8' title='bbox 351 737 411 765; x_wconf 77' lang='lat' dir='ltr'><strong>kal.</strong></span> <span class='ocrx_word' id='word_1_9' title='bbox 426 736 503 774; x_wconf 83' lang='lat' dir='ltr'><strong>jan.)</strong></span> 
     </span>
     <span class='ocr_line' id='line_1_5' title="bbox 311 781 493 816; baseline -0.005 -7"><span class='ocrx_word' id='word_1_10' title='bbox 311 782 342 809; x_wconf 87' lang='lat' dir='ltr'><strong>T.</strong></span> <span class='ocrx_word' id='word_1_11' title='bbox 358 782 405 816; x_wconf 88' lang='lat' dir='ltr'><strong>XI,</strong></span> <span class='ocrx_word' id='word_1_12' title='bbox 421 781 493 809; x_wconf 90' lang='lat' dir='ltr'><strong>XIII.</strong></span> 
     </span>
    </p>
   </div>
   <div class='ocr_carea' id='block_1_4' title="bbox 327 906 472 979">
    <p class='ocr_par' dir='ltr' id='par_1_4' title="bbox 327 906 472 979">
     <span class='ocr_line' id='line_1_6' title="bbox 363 906 444 934; baseline -0.012 0"><span class='ocrx_word' id='word_1_13' title='bbox 363 906 400 934; x_wconf 86' lang='lat' dir='ltr'>Ut</span> <span class='ocrx_word' id='word_1_14' title='bbox 420 914 444 933; x_wconf 80' lang='grc' dir='ltr'><strong>ε.</strong></span> 
     </span>
     <span class='ocr_line' id='line_1_7' title="bbox 327 950 472 979; baseline -0.007 0"><span class='ocrx_word' id='word_1_15' title='bbox 327 951 357 979; x_wconf 83' lang='grc' dir='ltr'><strong>Τ.</strong></span> <span class='ocrx_word' id='word_1_16' title='bbox 378 950 472 978; x_wconf 87' lang='lat' dir='ltr'><strong>XXIV.</strong></span> 
     </span>
    </p>
   </div>
   <div class='ocr_carea' id='block_1_5' title="bbox 351 1118 460 1190">
    <p class='ocr_par' dir='ltr' id='par_1_5' title="bbox 351 1118 460 1190">
     <span class='ocr_line' id='line_1_8' title="bbox 365 1118 441 1146; baseline 0 0"><span class='ocrx_word' id='word_1_17' title='bbox 365 1118 401 1146; x_wconf 91' lang='lat' dir='ltr'>Ut</span> <span class='ocrx_word' id='word_1_18' title='bbox 417 1127 441 1146; x_wconf 86' lang='lat' dir='ltr'><strong>s.</strong></span> 
     </span>
     <span class='ocr_line' id='line_1_9' title="bbox 351 1162 460 1190; baseline -0.009 0"><span class='ocrx_word' id='word_1_19' title='bbox 351 1163 382 1190; x_wconf 88' lang='lat' dir='ltr'><strong>T.</strong></span> <span class='ocrx_word' id='word_1_20' title='bbox 403 1162 460 1190; x_wconf 89' lang='lat' dir='ltr'><strong>XX.</strong></span> 
     </span>
    </p>
   </div>
   <div class='ocr_carea' id='block_1_6' title="bbox 311 1222 493 1301">
    <p class='ocr_par' dir='ltr' id='par_1_6' title="bbox 311 1222 493 1301">
     <span class='ocr_line' id='line_1_10' title="bbox 361 1222 442 1250; baseline 0 0"><span class='ocrx_word' id='word_1_21' title='bbox 361 1222 398 1250; x_wconf 93' lang='lat' dir='ltr'>Ut</span> <span class='ocrx_word' id='word_1_22' title='bbox 418 1230 442 1250; x_wconf 83' lang='lat' dir='ltr'><strong>s.</strong></span> 
     </span>
     <span class='ocr_line' id='line_1_11' title="bbox 311 1267 493 1301; baseline 0 -7"><span class='ocrx_word' id='word_1_23' title='bbox 311 1267 342 1294; x_wconf 87' lang='lat' dir='ltr'><strong>T.</strong></span> <span class='ocrx_word' id='word_1_24' title='bbox 360 1267 407 1301; x_wconf 86' lang='lat' dir='ltr'><strong>XI,</strong></span> <span class='ocrx_word' id='word_1_25' title='bbox 421 1267 493 1294; x_wconf 87' lang='lat' dir='ltr'><strong>XIII.</strong></span> 
     </span>
    </p>
   </div>
   <div class='ocr_carea' id='block_1_7' title="bbox 308 1382 494 1460">
    <p class='ocr_par' dir='ltr' id='par_1_7' title="bbox 308 1382 494 1460">
     <span class='ocr_line' id='line_1_12' title="bbox 356 1382 439 1410; baseline 0 -1"><span class='ocrx_word' id='word_1_26' title='bbox 356 1382 394 1409; x_wconf 86' lang='lat' dir='ltr'>Ut</span> <span class='ocrx_word' id='word_1_27' title='bbox 415 1390 439 1410; x_wconf 88' lang='lat' dir='ltr'><strong>s.</strong></span> 
     </span>
     <span class='ocr_line' id='line_1_13' title="bbox 308 1427 494 1460; baseline 0 -6"><span class='ocrx_word' id='word_1_28' title='bbox 308 1427 338 1454; x_wconf 88' lang='lat' dir='ltr'><strong>T.</strong></span> <span class='ocrx_word' id='word_1_29' title='bbox 360 1427 405 1460; x_wconf 92' lang='lat' dir='ltr'><strong>XI,</strong></span> <span class='ocrx_word' id='word_1_30' title='bbox 422 1427 494 1454; x_wconf 86' lang='lat' dir='ltr'><strong>XIII.</strong></span> 
     </span>
    </p>
   </div>
   <div class='ocr_carea' id='block_1_8' title="bbox 312 1647 493 1726">
    <p class='ocr_par' dir='ltr' id='par_1_8' title="bbox 312 1647 493 1726">
     <span class='ocr_line' id='line_1_14' title="bbox 363 1647 438 1676; baseline -0.013 0"><span class='ocrx_word' id='word_1_31' title='bbox 363 1647 399 1676; x_wconf 87' lang='lat' dir='ltr'>Ut</span> <span class='ocrx_word' id='word_1_32' title='bbox 414 1656 438 1675; x_wconf 78' lang='lat' dir='ltr'><strong>s.</strong></span> 
     </span>
     <span class='ocr_line' id='line_1_15' title="bbox 312 1692 493 1726; baseline 0 -7"><span class='ocrx_word' id='word_1_33' title='bbox 312 1693 344 1720; x_wconf 87' lang='lat' dir='ltr'><strong>T.</strong></span> <span class='ocrx_word' id='word_1_34' title='bbox 359 1693 405 1726; x_wconf 85' lang='lat' dir='ltr'><strong>XI,</strong></span> <span class='ocrx_word' id='word_1_35' title='bbox 421 1692 493 1720; x_wconf 86' lang='lat' dir='ltr'><strong>XIII.</strong></span> 
     </span>
    </p>
   </div>
   <div class='ocr_carea' id='block_1_9' title="bbox 306 1807 492 1885">
    <p class='ocr_par' dir='ltr' id='par_1_9' title="bbox 306 1807 492 1885">
     <span class='ocr_line' id='line_1_16' title="bbox 362 1807 440 1836; baseline 0.013 -1"><span class='ocrx_word' id='word_1_36' title='bbox 362 1807 396 1835; x_wconf 89' lang='lat' dir='ltr'>Ut</span> <span class='ocrx_word' id='word_1_37' title='bbox 416 1815 440 1836; x_wconf 78' lang='lat' dir='ltr'><strong>e.</strong></span> 
     </span>
     <span class='ocr_line' id='line_1_17' title="bbox 306 1851 492 1885; baseline 0 -7"><span class='ocrx_word' id='word_1_38' title='bbox 306 1851 337 1878; x_wconf 88' lang='lat' dir='ltr'><strong>T.</strong></span> <span class='ocrx_word' id='word_1_39' title='bbox 357 1851 403 1885; x_wconf 94' lang='lat' dir='ltr'><strong>X1,</strong></span> <span class='ocrx_word' id='word_1_40' title='bbox 420 1851 492 1879; x_wconf 88' lang='lat' dir='ltr'><strong>XIII.</strong></span> 
     </span>
    </p>
   </div>
   <div class='ocr_carea' id='block_1_10' title="bbox 343 1914 454 1986">
    <p class='ocr_par' dir='ltr' id='par_1_10' title="bbox 343 1914 454 1986">
     <span class='ocr_line' id='line_1_18' title="bbox 362 1914 437 1942; baseline 0 0"><span class='ocrx_word' id='word_1_41' title='bbox 362 1914 397 1942; x_wconf 91' lang='lat' dir='ltr'>Ut</span> <span class='ocrx_word' id='word_1_42' title='bbox 413 1923 437 1942; x_wconf 83' lang='lat' dir='ltr'><strong>s.</strong></span> 
     </span>
     <span class='ocr_line' id='line_1_19' title="bbox 343 1958 454 1986; baseline 0.009 -1"><span class='ocrx_word' id='word_1_43' title='bbox 343 1959 374 1985; x_wconf 90' lang='lat' dir='ltr'><strong>T.</strong></span> <span class='ocrx_word' id='word_1_44' title='bbox 396 1958 454 1986; x_wconf 90' lang='lat' dir='ltr'><strong>XX.</strong></span> 
     </span>
    </p>
   </div>
   <div class='ocr_carea' id='block_1_11' title="bbox 309 2127 492 2206">
    <p class='ocr_par' dir='ltr' id='par_1_11' title="bbox 309 2127 492 2206">
     <span class='ocr_line' id='line_1_20' title="bbox 359 2127 438 2155; baseline -0.013 0"><span class='ocrx_word' id='word_1_45' title='bbox 359 2127 396 2155; x_wconf 87' lang='lat' dir='ltr'>Ut</span> <span class='ocrx_word' id='word_1_46' title='bbox 414 2135 438 2155; x_wconf 81' lang='lat' dir='ltr'><strong>s.</strong></span> 
     </span>
     <span class='ocr_line' id='line_1_21' title="bbox 309 2171 492 2206; baseline 0 -7"><span class='ocrx_word' id='word_1_47' title='bbox 309 2172 339 2199; x_wconf 87' lang='grc' dir='ltr'><strong>Τ.</strong></span> <span class='ocrx_word' id='word_1_48' title='bbox 357 2172 404 2206; x_wconf 85' lang='lat' dir='ltr'><strong>xl,</strong></span> <span class='ocrx_word' id='word_1_49' title='bbox 419 2171 492 2200; x_wconf 91' lang='lat' dir='ltr'><strong>XIII.</strong></span> 
     </span>
    </p>
   </div>
   <div class='ocr_carea' id='block_1_12' title="bbox 307 2340 489 2418">
    <p class='ocr_par' dir='ltr' id='par_1_12' title="bbox 307 2340 489 2418">
     <span class='ocr_line' id='line_1_22' title="bbox 361 2340 437 2368; baseline 0 0"><span class='ocrx_word' id='word_1_50' title='bbox 361 2340 397 2368; x_wconf 91' lang='lat' dir='ltr'>Ut</span> <span class='ocrx_word' id='word_1_51' title='bbox 413 2349 437 2368; x_wconf 81' lang='lat' dir='ltr'><strong>s.</strong></span> 
     </span>
     <span class='ocr_line' id='line_1_23' title="bbox 307 2385 489 2418; baseline 0 -6"><span class='ocrx_word' id='word_1_52' title='bbox 307 2385 338 2413; x_wconf 86' lang='lat' dir='ltr'><strong>T.</strong></span> <span class='ocrx_word' id='word_1_53' title='bbox 355 2385 400 2418; x_wconf 88' lang='lat' dir='ltr'><strong>XI,</strong></span> <span class='ocrx_word' id='word_1_54' title='bbox 416 2385 489 2413; x_wconf 88' lang='lat' dir='ltr'><strong>XIII.</strong></span> 
     </span>
    </p>
   </div>
   <div class='ocr_carea' id='block_1_13' title="bbox 283 2551 472 2631">
    <p class='ocr_par' dir='ltr' id='par_1_13' title="bbox 283 2551 472 2631">
     <span class='ocr_line' id='line_1_24' title="bbox 283 2551 436 2595; baseline 0 -15"><span class='ocrx_word' id='word_1_55' title='bbox 283 2593 286 2595; x_wconf 17' lang='grc' dir='ltr'><strong>Δ</strong></span> <span class='ocrx_word' id='word_1_56' title='bbox 359 2551 395 2580; x_wconf 88' lang='lat' dir='ltr'>Ut</span> <span class='ocrx_word' id='word_1_57' title='bbox 412 2561 436 2580; x_wconf 81' lang='lat' dir='ltr'><strong>s.</strong></span> 
     </span>
     <span class='ocr_line' id='line_1_25' title="bbox 314 2595 472 2631; baseline 0.006 -8"><span class='ocrx_word' id='word_1_58' title='bbox 314 2595 346 2623; x_wconf 82' lang='grc' dir='ltr'><strong>τ.</strong></span> <span class='ocrx_word' id='word_1_59' title='bbox 363 2596 396 2631; x_wconf 87' lang='lat' dir='ltr'><strong>x,</strong></span> <span class='ocrx_word' id='word_1_60' title='bbox 414 2596 472 2624; x_wconf 91' lang='lat' dir='ltr'><strong>x11.</strong></span> 
     </span>
    </p>
   </div>
   <div class='ocr_carea' id='block_1_14' title="bbox 305 2870 487 2948">
    <p class='ocr_par' dir='ltr' id='par_1_14' title="bbox 305 2870 487 2948">
     <span class='ocr_line' id='line_1_26' title="bbox 360 2870 440 2898; baseline 0 0"><span class='ocrx_word' id='word_1_61' title='bbox 360 2870 397 2898; x_wconf 82' lang='lat' dir='ltr'>Ut</span> <span class='ocrx_word' id='word_1_62' title='bbox 416 2879 440 2898; x_wconf 81' lang='lat' dir='ltr'><strong>s.</strong></span> 
     </span>
     <span class='ocr_line' id='line_1_27' title="bbox 305 2913 487 2948; baseline 0.005 -7"><span class='ocrx_word' id='word_1_63' title='bbox 305 2913 336 2941; x_wconf 83' lang='grc' dir='ltr'><strong>Τ.</strong></span> <span class='ocrx_word' id='word_1_64' title='bbox 353 2914 399 2948; x_wconf 90' lang='lat' dir='ltr'><strong>XI,</strong></span> <span class='ocrx_word' id='word_1_65' title='bbox 416 2914 487 2942; x_wconf 90' lang='lat' dir='ltr'><strong>XIII.</strong></span> 
     </span>
    </p>
   </div>
   <div class='ocr_carea' id='block_1_15' title="bbox 614 338 2242 379">
    <p class='ocr_par' dir='ltr' id='par_1_15' title="bbox 614 338 2242 379">
     <span class='ocr_line' id='line_1_28' title="bbox 614 338 2242 379; baseline 0.002 -10"><span class='ocrx_word' id='word_1_66' title='bbox 614 338 787 370; x_wconf 88' lang='lat' dir='ltr'><strong>JOANNIS</strong></span> <span class='ocrx_word' id='word_1_67' title='bbox 810 338 929 369; x_wconf 86' lang='lat' dir='ltr'><strong>PAPAE</strong></span> <span class='ocrx_word' id='word_1_68' title='bbox 951 339 1052 369; x_wconf 87' lang='lat' dir='ltr'><strong>XXII.</strong></span> <span class='ocrx_word' id='word_1_69' title='bbox 1075 339 1325 379; x_wconf 82' lang='lat'><strong>(1316-1334).</strong></span> <span class='ocrx_word' id='word_1_70' title='bbox 1349 357 1387 362; x_wconf 91' lang='lat'>—</span> <span class='ocrx_word' id='word_1_71' title='bbox 1409 339 1595 370; x_wconf 83' lang='lat' dir='ltr'><strong>LITTERAE</strong></span> <span class='ocrx_word' id='word_1_72' title='bbox 1620 339 1844 371; x_wconf 88' lang='lat' dir='ltr'><strong>COMMUNES</strong></span> <span class='ocrx_word' id='word_1_73' title='bbox 2183 343 2242 373; x_wconf 84' lang='grc'><strong>281</strong></span> 
     </span>
    </p>
   </div>
   <div class='ocr_carea' id='block_1_16' title="bbox 644 529 2246 1792">
    <p class='ocr_par' dir='ltr' id='par_1_16' title="bbox 645 529 2241 675">
     <span class='ocr_line' id='line_1_29' title="bbox 645 529 2241 572; baseline 0.001 -11"><span class='ocrx_word' id='word_1_74' title='bbox 645 530 691 561; x_wconf 91' lang='lat' dir='ltr'><strong>tis</strong></span> <span class='ocrx_word' id='word_1_75' title='bbox 711 529 822 561; x_wconf 85' lang='lat' dir='ltr'><strong>benef.</strong></span> <span class='ocrx_word' id='word_1_76' title='bbox 841 529 1070 569; x_wconf 78' lang='lat' dir='ltr'>simplicibus,</span> <span class='ocrx_word' id='word_1_77' title='bbox 1087 529 1301 568; x_wconf 86' lang='lat' dir='ltr'>Neapolitan.</span> <span class='ocrx_word' id='word_1_78' title='bbox 1322 529 1367 560; x_wconf 89' lang='lat' dir='ltr'><strong>di.</strong></span> <span class='ocrx_word' id='word_1_79' title='bbox 1391 547 1428 552; x_wconf 91' lang='lat'><strong>—-</strong></span> <span class='ocrx_word' id='word_1_80' title='bbox 1445 530 1471 560; x_wconf 92' lang='grc' dir='ltr'><strong>Ι.</strong></span> <span class='ocrx_word' id='word_1_81' title='bbox 1493 539 1521 560; x_wconf 94' lang='grc'><strong>0.</strong></span> <span class='ocrx_word' id='word_1_82' title='bbox 1542 539 1587 561; x_wconf 89' lang='lat' dir='ltr'><strong>m.</strong></span> <span class='ocrx_word' id='word_1_83' title='bbox 1606 530 1682 561; x_wconf 90' lang='lat' dir='ltr'><strong>abb.</strong></span> <span class='ocrx_word' id='word_1_84' title='bbox 1700 531 1845 562; x_wconf 89' lang='lat' dir='ltr'><strong>monast.</strong></span> <span class='ocrx_word' id='word_1_85' title='bbox 1870 539 1897 561; x_wconf 89' lang='lat' dir='ltr'><strong>s.</strong></span> <span class='ocrx_word' id='word_1_86' title='bbox 1917 531 2070 562; x_wconf 83' lang='lat' dir='ltr'>Severini</span> <span class='ocrx_word' id='word_1_87' title='bbox 2084 532 2241 572; x_wconf 87' lang='lat' dir='ltr'>Neapoli·</span> 
     </span>
     <span class='ocr_line' id='line_1_30' title="bbox 645 582 2241 625; baseline 0.001 -11"><span class='ocrx_word' id='word_1_88' title='bbox 645 584 728 619; x_wconf 58' lang='lat' dir='ltr'>tan„</span> <span class='ocrx_word' id='word_1_89' title='bbox 756 584 789 614; x_wconf 87' lang='lat' dir='ltr'><strong>et</strong></span> <span class='ocrx_word' id='word_1_90' title='bbox 814 582 958 622; x_wconf 86' lang='lat' dir='ltr'><strong>archipr.</strong></span> <span class='ocrx_word' id='word_1_91' title='bbox 979 582 1019 613; x_wconf 91' lang='lat' dir='ltr'><strong>de</strong></span> <span class='ocrx_word' id='word_1_92' title='bbox 1035 582 1202 622; x_wconf 85' lang='lat' dir='ltr'>Trajecto,</span> <span class='ocrx_word' id='word_1_93' title='bbox 1221 582 1377 614; x_wconf 86' lang='lat' dir='ltr'><strong>Gaietan.</strong></span> <span class='ocrx_word' id='word_1_94' title='bbox 1396 583 1456 620; x_wconf 91' lang='lat' dir='ltr'><strong>di.,</strong></span> <span class='ocrx_word' id='word_1_95' title='bbox 1483 591 1520 613; x_wconf 83' lang='lat' dir='ltr'><strong>ac</strong></span> <span class='ocrx_word' id='word_1_96' title='bbox 1536 583 1781 615; x_wconf 84' lang='lat' dir='ltr'>Bartholomaeo</span> <span class='ocrx_word' id='word_1_97' title='bbox 1806 583 1999 621; x_wconf 86' lang='lat' dir='ltr'>Brancacio,</span> <span class='ocrx_word' id='word_1_98' title='bbox 2021 585 2061 616; x_wconf 91' lang='lat' dir='ltr'><strong>de</strong></span> <span class='ocrx_word' id='word_1_99' title='bbox 2087 585 2241 625; x_wconf 83' lang='lat' dir='ltr'>Neapoli,</span> 
     </span>
     <span class='ocr_line' id='line_1_31' title="bbox 646 635 1578 675; baseline -0.002 -8"><span class='ocrx_word' id='word_1_100' title='bbox 646 644 718 667; x_wconf 89' lang='lat' dir='ltr'><strong>can.</strong></span> <span class='ocrx_word' id='word_1_101' title='bbox 734 636 856 667; x_wconf 88' lang='lat' dir='ltr'><strong>Baren.</strong></span> <span class='ocrx_word' id='word_1_102' title='bbox 871 635 951 667; x_wconf 90' lang='lat' dir='ltr'><strong>eccl.</strong></span> <span class='ocrx_word' id='word_1_103' title='bbox 969 635 1020 675; x_wconf 91' lang='lat' dir='ltr'><strong>(A.</strong></span> <span class='ocrx_word' id='word_1_104' title='bbox 1035 636 1085 672; x_wconf 87' lang='lat'><strong>23,</strong></span> <span class='ocrx_word' id='word_1_105' title='bbox 1103 635 1126 665; x_wconf 85' lang='lat' dir='ltr'><strong>f.</strong></span> <span class='ocrx_word' id='word_1_106' title='bbox 1146 636 1201 666; x_wconf 88' lang='grc'><strong>101</strong></span> <span class='ocrx_word' id='word_1_107' title='bbox 1220 640 1250 671; x_wconf 69' lang='lat'><strong>⁸;</strong></span> <span class='ocrx_word' id='word_1_108' title='bbox 1273 635 1308 666; x_wconf 92' lang='lat' dir='ltr'><strong>V.</strong></span> <span class='ocrx_word' id='word_1_109' title='bbox 1333 637 1383 673; x_wconf 87' lang='grc'><strong>79,</strong></span> <span class='ocrx_word' id='word_1_110' title='bbox 1402 644 1454 675; x_wconf 88' lang='lat' dir='ltr'><strong>ep.</strong></span> <span class='ocrx_word' id='word_1_111' title='bbox 1473 635 1578 675; x_wconf 88' lang='grc'><strong>1308.)</strong></span> 
     </span>
    </p>

    <p class='ocr_par' dir='ltr' id='par_1_17' title="bbox 645 686 2241 889">
     <span class='ocr_line' id='line_1_32' title="bbox 689 686 2241 731; baseline 0.003 -13"><span class='ocrx_word' id='word_1_112' title='bbox 689 686 827 718; x_wconf 83' lang='grc'><strong>21276.</strong></span> <span class='ocrx_word' id='word_1_113' title='bbox 849 706 887 711; x_wconf 84' lang='lat'><strong>-</strong></span> <span class='ocrx_word' id='word_1_114' title='bbox 907 687 1051 719; x_wconf 82' lang='lat' dir='ltr'>Conrado</span> <span class='ocrx_word' id='word_1_115' title='bbox 1068 687 1105 718; x_wconf 86' lang='lat' dir='ltr'><strong>de</strong></span> <span class='ocrx_word' id='word_1_116' title='bbox 1127 688 1266 728; x_wconf 74' lang='lat' dir='ltr'>Autinqa</span> <span class='ocrx_word' id='word_1_117' title='bbox 1290 697 1384 727; x_wconf 91' lang='lat' dir='ltr'><strong>prov.</strong></span> <span class='ocrx_word' id='word_1_118' title='bbox 1402 696 1520 719; x_wconf 88' lang='lat' dir='ltr'><strong>canon.</strong></span> <span class='ocrx_word' id='word_1_119' title='bbox 1539 688 1619 719; x_wconf 88' lang='lat' dir='ltr'><strong>eccl.</strong></span> <span class='ocrx_word' id='word_1_120' title='bbox 1639 697 1667 720; x_wconf 91' lang='lat' dir='ltr'><strong>s.</strong></span> <span class='ocrx_word' id='word_1_121' title='bbox 1686 689 1830 720; x_wconf 81' lang='lat' dir='ltr'>Andreae</span> <span class='ocrx_word' id='word_1_122' title='bbox 1854 689 2046 729; x_wconf 86' lang='lat' dir='ltr'>Frisingen.</span> <span class='ocrx_word' id='word_1_123' title='bbox 2066 690 2130 722; x_wconf 91' lang='lat' dir='ltr'><strong>sub</strong></span> <span class='ocrx_word' id='word_1_124' title='bbox 2145 699 2241 731; x_wconf 91' lang='lat' dir='ltr'><strong>exsp.</strong></span> 
     </span>
     <span class='ocr_line' id='line_1_33' title="bbox 645 740 2239 781; baseline 0.002 -9"><span class='ocrx_word' id='word_1_125' title='bbox 645 741 761 781; x_wconf 87' lang='lat' dir='ltr'><strong>praeb.,</strong></span> <span class='ocrx_word' id='word_1_126' title='bbox 779 750 856 772; x_wconf 86' lang='lat' dir='ltr'><strong>cum</strong></span> <span class='ocrx_word' id='word_1_127' title='bbox 873 741 1026 772; x_wconf 81' lang='lat' dir='ltr'><strong>clausula</strong></span> <span class='ocrx_word' id='word_1_128' title='bbox 1043 740 1236 771; x_wconf 90' lang='lat' dir='ltr'>dimittendi</span> <span class='ocrx_word' id='word_1_129' title='bbox 1253 740 1387 780; x_wconf 88' lang='lat' dir='ltr'><strong>paroch.</strong></span> <span class='ocrx_word' id='word_1_130' title='bbox 1406 740 1486 771; x_wconf 87' lang='lat' dir='ltr'><strong>eccl.</strong></span> <span class='ocrx_word' id='word_1_131' title='bbox 1507 741 1541 771; x_wconf 92' lang='lat' dir='ltr'><strong>in</strong></span> <span class='ocrx_word' id='word_1_132' title='bbox 1560 740 1766 775; x_wconf 88' lang='lat' dir='ltr'>Schennano,</span> <span class='ocrx_word' id='word_1_133' title='bbox 1784 741 1974 773; x_wconf 89' lang='lat' dir='ltr'>Tridentin.</span> <span class='ocrx_word' id='word_1_134' title='bbox 1990 742 2036 773; x_wconf 90' lang='lat' dir='ltr'><strong>di.</strong></span> <span class='ocrx_word' id='word_1_135' title='bbox 2053 761 2091 765; x_wconf 97' lang='lat'><strong>—</strong></span> <span class='ocrx_word' id='word_1_136' title='bbox 2105 743 2132 774; x_wconf 94' lang='grc' dir='ltr'><strong>Ι.</strong></span> <span class='ocrx_word' id='word_1_137' title='bbox 2148 752 2177 775; x_wconf 86' lang='grc'><strong>0.</strong></span> <span class='ocrx_word' id='word_1_138' title='bbox 2194 753 2239 775; x_wconf 92' lang='lat' dir='ltr'><strong>m.</strong></span> 
     </span>
     <span class='ocr_line' id='line_1_34' title="bbox 646 793 2241 836; baseline 0.001 -10"><span class='ocrx_word' id='word_1_139' title='bbox 646 794 833 827; x_wconf 89' lang='lat' dir='ltr'>Guillelmo</span> <span class='ocrx_word' id='word_1_140' title='bbox 847 794 996 825; x_wconf 88' lang='lat' dir='ltr'>Pennen.</span> <span class='ocrx_word' id='word_1_141' title='bbox 1012 795 1046 824; x_wconf 92' lang='lat' dir='ltr'><strong>et</strong></span> <span class='ocrx_word' id='word_1_142' title='bbox 1061 793 1200 824; x_wconf 83' lang='lat' dir='ltr'>Adrien.</span> <span class='ocrx_word' id='word_1_143' title='bbox 1219 793 1276 830; x_wconf 88' lang='lat' dir='ltr'><strong>el.‚</strong></span> <span class='ocrx_word' id='word_1_144' title='bbox 1294 795 1326 824; x_wconf 89' lang='lat' dir='ltr'><strong>et</strong></span> <span class='ocrx_word' id='word_1_145' title='bbox 1341 793 1417 824; x_wconf 89' lang='lat' dir='ltr'><strong>abb.</strong></span> <span class='ocrx_word' id='word_1_146' title='bbox 1435 794 1580 824; x_wconf 89' lang='lat' dir='ltr'><strong>monast.</strong></span> <span class='ocrx_word' id='word_1_147' title='bbox 1596 802 1623 824; x_wconf 93' lang='lat' dir='ltr'><strong>s.</strong></span> <span class='ocrx_word' id='word_1_148' title='bbox 1641 793 1782 824; x_wconf 81' lang='lat' dir='ltr'>Joannis</span> <span class='ocrx_word' id='word_1_149' title='bbox 1795 794 1830 824; x_wconf 90' lang='lat' dir='ltr'><strong>in</strong></span> <span class='ocrx_word' id='word_1_150' title='bbox 1848 794 1972 832; x_wconf 89' lang='lat' dir='ltr'>Stanis,</span> <span class='ocrx_word' id='word_1_151' title='bbox 1988 804 2027 827; x_wconf 86' lang='lat' dir='ltr'><strong>ac</strong></span> <span class='ocrx_word' id='word_1_152' title='bbox 2040 804 2141 836; x_wconf 90' lang='lat' dir='ltr'><strong>praep.</strong></span> <span class='ocrx_word' id='word_1_153' title='bbox 2160 797 2241 828; x_wconf 88' lang='lat' dir='ltr'><strong>eccl.</strong></span> 
     </span>
     <span class='ocr_line' id='line_1_35' title="bbox 646 846 2151 889; baseline 0.001 -10"><span class='ocrx_word' id='word_1_154' title='bbox 646 848 682 879; x_wconf 91' lang='lat' dir='ltr'><strong>in</strong></span> <span class='ocrx_word' id='word_1_155' title='bbox 697 847 990 884; x_wconf 87' lang='lat' dir='ltr'>Volchenmarcht‚</span> <span class='ocrx_word' id='word_1_156' title='bbox 1009 846 1183 878; x_wconf 82' lang='lat' dir='ltr'>Brixinen.</span> <span class='ocrx_word' id='word_1_157' title='bbox 1204 847 1236 877; x_wconf 89' lang='lat' dir='ltr'><strong>et</strong></span> <span class='ocrx_word' id='word_1_158' title='bbox 1252 846 1485 886; x_wconf 85' lang='lat' dir='ltr'>Saltzburgen.</span> <span class='ocrx_word' id='word_1_159' title='bbox 1503 846 1548 876; x_wconf 92' lang='lat' dir='ltr'><strong>di.</strong></span> <span class='ocrx_word' id='word_1_160' title='bbox 1565 846 1618 886; x_wconf 90' lang='lat' dir='ltr'><strong>(A.</strong></span> <span class='ocrx_word' id='word_1_161' title='bbox 1636 847 1686 883; x_wconf 88' lang='lat'><strong>22,</strong></span> <span class='ocrx_word' id='word_1_162' title='bbox 1705 846 1727 876; x_wconf 88' lang='lat' dir='ltr'><strong>f.</strong></span> <span class='ocrx_word' id='word_1_163' title='bbox 1746 848 1806 878; x_wconf 77' lang='lat'><strong>249</strong></span> <span class='ocrx_word' id='word_1_164' title='bbox 1822 847 1850 883; x_wconf 69' lang='grc' dir='ltr'><strong>ὓ,</strong></span> <span class='ocrx_word' id='word_1_165' title='bbox 1875 846 1907 877; x_wconf 89' lang='lat' dir='ltr'><strong>V.</strong></span> <span class='ocrx_word' id='word_1_166' title='bbox 1925 849 1974 885; x_wconf 86' lang='lat'><strong>78,</strong></span> <span class='ocrx_word' id='word_1_167' title='bbox 1994 856 2045 887; x_wconf 91' lang='lat' dir='ltr'><strong>ep.</strong></span> <span class='ocrx_word' id='word_1_168' title='bbox 2065 849 2151 889; x_wconf 92' lang='grc'><strong>537.)</strong></span> 
     </span>
    </p>

    <p class='ocr_par' dir='ltr' id='par_1_18' title="bbox 646 898 2242 1100">
     <span class='ocr_line' id='line_1_36' title="bbox 690 898 2242 941; baseline 0.001 -10"><span class='ocrx_word' id='word_1_169' title='bbox 690 898 830 931; x_wconf 87' lang='grc'><strong>21277.</strong></span> <span class='ocrx_word' id='word_1_170' title='bbox 848 918 885 923; x_wconf 95' lang='grc'>-</span> <span class='ocrx_word' id='word_1_171' title='bbox 906 899 1050 931; x_wconf 83' lang='lat' dir='ltr'>Conrado</span> <span class='ocrx_word' id='word_1_172' title='bbox 1074 899 1110 930; x_wconf 83' lang='lat' dir='ltr'><strong>de</strong></span> <span class='ocrx_word' id='word_1_173' title='bbox 1132 899 1285 939; x_wconf 74' lang='lat' dir='ltr'>Autinya,</span> <span class='ocrx_word' id='word_1_174' title='bbox 1316 899 1384 930; x_wconf 88' lang='lat' dir='ltr'>cler</span> <span class='ocrx_word' id='word_1_175' title='bbox 1406 899 1598 939; x_wconf 81' lang='lat' dir='ltr'>Frisingen.</span> <span class='ocrx_word' id='word_1_176' title='bbox 1624 900 1684 935; x_wconf 91' lang='lat' dir='ltr'><strong>di.,</strong></span> <span class='ocrx_word' id='word_1_177' title='bbox 1705 899 1896 931; x_wconf 86' lang='lat' dir='ltr'>habilitatio</span> <span class='ocrx_word' id='word_1_178' title='bbox 1921 909 2023 939; x_wconf 84' lang='lat' dir='ltr'>super</span> <span class='ocrx_word' id='word_1_179' title='bbox 2040 910 2079 932; x_wconf 91' lang='lat' dir='ltr'><strong>eo</strong></span> <span class='ocrx_word' id='word_1_180' title='bbox 2097 902 2186 941; x_wconf 89' lang='lat' dir='ltr'>quod</span> <span class='ocrx_word' id='word_1_181' title='bbox 2206 903 2242 933; x_wconf 91' lang='lat' dir='ltr'><strong>in</strong></span> 
     </span>
     <span class='ocr_line' id='line_1_37' title="bbox 646 951 2242 991; baseline 0.001 -6"><span class='ocrx_word' id='word_1_182' title='bbox 646 953 836 986; x_wconf 86' lang='lat' dir='ltr'>minoribus</span> <span class='ocrx_word' id='word_1_183' title='bbox 864 953 1040 984; x_wconf 79' lang='lat' dir='ltr'><strong>dumtaxat</strong></span> <span class='ocrx_word' id='word_1_184' title='bbox 1061 953 1134 983; x_wconf 88' lang='lat' dir='ltr'><strong>ord.</strong></span> <span class='ocrx_word' id='word_1_185' title='bbox 1163 952 1369 983; x_wconf 90' lang='lat' dir='ltr'>constitutus</span> <span class='ocrx_word' id='word_1_186' title='bbox 1394 951 1623 991; x_wconf 85' lang='lat' dir='ltr'><strong>parochialem</strong></span> <span class='ocrx_word' id='word_1_187' title='bbox 1647 952 1726 982; x_wconf 90' lang='lat' dir='ltr'><strong>eccl.</strong></span> <span class='ocrx_word' id='word_1_188' title='bbox 1754 952 1794 983; x_wconf 88' lang='lat' dir='ltr'><strong>de</strong></span> <span class='ocrx_word' id='word_1_189' title='bbox 1822 951 2030 989; x_wconf 88' lang='lat' dir='ltr'>Schennano,</span> <span class='ocrx_word' id='word_1_190' title='bbox 2055 954 2242 986; x_wconf 89' lang='lat' dir='ltr'>Tridentin.</span> 
     </span>
     <span class='ocr_line' id='line_1_38' title="bbox 646 1005 2242 1047; baseline 0.001 -9"><span class='ocrx_word' id='word_1_191' title='bbox 646 1007 705 1045; x_wconf 84' lang='lat' dir='ltr'><strong>di.,</strong></span> <span class='ocrx_word' id='word_1_192' title='bbox 729 1008 781 1047; x_wconf 87' lang='grc'><strong>(20</strong></span> <span class='ocrx_word' id='word_1_193' title='bbox 805 1007 878 1038; x_wconf 89' lang='lat' dir='ltr'><strong>flor.</strong></span> <span class='ocrx_word' id='word_1_194' title='bbox 906 1006 1006 1045; x_wconf 89' lang='lat' dir='ltr'>auri),</span> <span class='ocrx_word' id='word_1_195' title='bbox 1032 1014 1134 1046; x_wconf 84' lang='lat' dir='ltr'><strong>quam</strong></span> <span class='ocrx_word' id='word_1_196' title='bbox 1149 1005 1321 1047; x_wconf 84' lang='lat' dir='ltr'>dimittere</span> <span class='ocrx_word' id='word_1_197' title='bbox 1338 1007 1484 1042; x_wconf 89' lang='lat' dir='ltr'>tenetur,</span> <span class='ocrx_word' id='word_1_198' title='bbox 1503 1013 1563 1044; x_wconf 91' lang='lat' dir='ltr'><strong>per</strong></span> <span class='ocrx_word' id='word_1_199' title='bbox 1588 1013 1713 1035; x_wconf 88' lang='lat' dir='ltr'>annum</span> <span class='ocrx_word' id='word_1_200' title='bbox 1740 1006 1772 1035; x_wconf 90' lang='lat' dir='ltr'><strong>et</strong></span> <span class='ocrx_word' id='word_1_201' title='bbox 1797 1005 1977 1036; x_wconf 88' lang='lat' dir='ltr'>dimidium</span> <span class='ocrx_word' id='word_1_202' title='bbox 1994 1005 2120 1046; x_wconf 85' lang='lat' dir='ltr'><strong>absque</strong></span> <span class='ocrx_word' id='word_1_203' title='bbox 2145 1007 2185 1038; x_wconf 88' lang='lat' dir='ltr'><strong>A.</strong></span> <span class='ocrx_word' id='word_1_204' title='bbox 2209 1008 2242 1039; x_wconf 88' lang='lat' dir='ltr'><strong>S.</strong></span> 
     </span>
     <span class='ocr_line' id='line_1_39' title="bbox 646 1058 1582 1100; baseline -0.004 -8"><span class='ocrx_word' id='word_1_205' title='bbox 646 1061 796 1100; x_wconf 84' lang='lat' dir='ltr'>dispens.</span> <span class='ocrx_word' id='word_1_206' title='bbox 818 1060 970 1091; x_wconf 81' lang='lat' dir='ltr'>retinuit.</span> <span class='ocrx_word' id='word_1_207' title='bbox 993 1059 1045 1098; x_wconf 85' lang='lat' dir='ltr'><strong>(A.</strong></span> <span class='ocrx_word' id='word_1_208' title='bbox 1062 1060 1113 1095; x_wconf 81' lang='lat'><strong>22,</strong></span> <span class='ocrx_word' id='word_1_209' title='bbox 1132 1058 1156 1089; x_wconf 87' lang='lat' dir='ltr'><strong>f.</strong></span> <span class='ocrx_word' id='word_1_210' title='bbox 1176 1059 1236 1090; x_wconf 85' lang='lat'><strong>298</strong></span> <span class='ocrx_word' id='word_1_211' title='bbox 1250 1058 1284 1094; x_wconf 71' lang='lat'><strong>¹²,</strong></span> <span class='ocrx_word' id='word_1_212' title='bbox 1305 1058 1341 1088; x_wconf 93' lang='lat' dir='ltr'><strong>V.</strong></span> <span class='ocrx_word' id='word_1_213' title='bbox 1358 1059 1407 1095; x_wconf 89' lang='grc'><strong>78,</strong></span> <span class='ocrx_word' id='word_1_214' title='bbox 1425 1066 1477 1097; x_wconf 90' lang='lat' dir='ltr'><strong>ep.</strong></span> <span class='ocrx_word' id='word_1_215' title='bbox 1496 1058 1582 1097; x_wconf 89' lang='lat'><strong>538.)</strong></span> 
     </span>
    </p>

    <p class='ocr_par' dir='ltr' id='par_1_19' title="bbox 647 1110 2244 1208">
     <span class='ocr_line' id='line_1_40' title="bbox 691 1110 2244 1152; baseline 0.001 -8"><span class='ocrx_word' id='word_1_216' title='bbox 691 1110 829 1144; x_wconf 90' lang='grc'><strong>21278.</strong></span> <span class='ocrx_word' id='word_1_217' title='bbox 849 1132 887 1136; x_wconf 91' lang='grc'><strong>-</strong></span> <span class='ocrx_word' id='word_1_218' title='bbox 902 1112 1043 1144; x_wconf 83' lang='lat' dir='ltr'>Arnaldo</span> <span class='ocrx_word' id='word_1_219' title='bbox 1057 1122 1081 1142; x_wconf 82' lang='lat' dir='ltr'><strong>s.</strong></span> <span class='ocrx_word' id='word_1_220' title='bbox 1101 1111 1266 1142; x_wconf 81' lang='lat' dir='ltr'>Eustachii</span> <span class='ocrx_word' id='word_1_221' title='bbox 1281 1110 1362 1142; x_wconf 82' lang='lat' dir='ltr'><strong>diac.</strong></span> <span class='ocrx_word' id='word_1_222' title='bbox 1380 1110 1464 1141; x_wconf 85' lang='lat' dir='ltr'><strong>card.</strong></span> <span class='ocrx_word' id='word_1_223' title='bbox 1488 1111 1602 1142; x_wconf 83' lang='lat' dir='ltr'><strong>mand.</strong></span> <span class='ocrx_word' id='word_1_224' title='bbox 1621 1112 1657 1141; x_wconf 89' lang='lat' dir='ltr'>ut</span> <span class='ocrx_word' id='word_1_225' title='bbox 1673 1119 1691 1142; x_wconf 85' lang='lat' dir='ltr'><strong>a</strong></span> <span class='ocrx_word' id='word_1_226' title='bbox 1709 1110 1850 1150; x_wconf 85' lang='lat' dir='ltr'>praefato</span> <span class='ocrx_word' id='word_1_227' title='bbox 1870 1111 2022 1143; x_wconf 86' lang='lat' dir='ltr'>Conrado</span> <span class='ocrx_word' id='word_1_228' title='bbox 2038 1113 2179 1152; x_wconf 86' lang='lat' dir='ltr'>recipiat</span> <span class='ocrx_word' id='word_1_229' title='bbox 2196 1123 2244 1146; x_wconf 93' lang='lat' dir='ltr'><strong>re-</strong></span> 
     </span>
     <span class='ocr_line' id='line_1_41' title="bbox 647 1163 1804 1208; baseline -0.004 -10"><span class='ocrx_word' id='word_1_230' title='bbox 647 1168 769 1208; x_wconf 84' lang='lat' dir='ltr'><strong>signat.</strong></span> <span class='ocrx_word' id='word_1_231' title='bbox 783 1166 951 1206; x_wconf 84' lang='lat' dir='ltr'>praedictae</span> <span class='ocrx_word' id='word_1_232' title='bbox 964 1165 1098 1206; x_wconf 87' lang='lat' dir='ltr'><strong>paroch.</strong></span> <span class='ocrx_word' id='word_1_233' title='bbox 1117 1165 1197 1196; x_wconf 89' lang='lat' dir='ltr'><strong>eccl.</strong></span> <span class='ocrx_word' id='word_1_234' title='bbox 1216 1164 1269 1206; x_wconf 86' lang='lat' dir='ltr'><strong>(A.</strong></span> <span class='ocrx_word' id='word_1_235' title='bbox 1289 1165 1339 1201; x_wconf 87' lang='lat'><strong>22,</strong></span> <span class='ocrx_word' id='word_1_236' title='bbox 1358 1165 1380 1195; x_wconf 88' lang='lat' dir='ltr'><strong>f.</strong></span> <span class='ocrx_word' id='word_1_237' title='bbox 1398 1165 1458 1196; x_wconf 82' lang='lat'><strong>298</strong></span> <span class='ocrx_word' id='word_1_238' title='bbox 1475 1163 1504 1200; x_wconf 52' lang='grc' dir='ltr'><strong>ἴῃ</strong></span> <span class='ocrx_word' id='word_1_239' title='bbox 1529 1163 1564 1195; x_wconf 92' lang='lat' dir='ltr'><strong>V.</strong></span> <span class='ocrx_word' id='word_1_240' title='bbox 1584 1165 1633 1201; x_wconf 89' lang='lat'><strong>78,</strong></span> <span class='ocrx_word' id='word_1_241' title='bbox 1651 1172 1703 1203; x_wconf 89' lang='lat' dir='ltr'><strong>ep.</strong></span> <span class='ocrx_word' id='word_1_242' title='bbox 1719 1165 1804 1202; x_wconf 83' lang='lat'><strong>539.)</strong></span> 
     </span>
    </p>

    <p class='ocr_par' dir='ltr' id='par_1_20' title="bbox 645 1216 2244 1368">
     <span class='ocr_line' id='line_1_42' title="bbox 690 1216 2243 1260; baseline 0.001 -11"><span class='ocrx_word' id='word_1_243' title='bbox 690 1217 831 1250; x_wconf 85' lang='grc'><strong>21279.</strong></span> <span class='ocrx_word' id='word_1_244' title='bbox 851 1238 888 1243; x_wconf 90' lang='grc'>-</span> <span class='ocrx_word' id='word_1_245' title='bbox 906 1219 1093 1260; x_wconf 83' lang='lat' dir='ltr'>Supradicto</span> <span class='ocrx_word' id='word_1_246' title='bbox 1124 1218 1268 1249; x_wconf 81' lang='lat' dir='ltr'>Conrado</span> <span class='ocrx_word' id='word_1_247' title='bbox 1292 1218 1400 1258; x_wconf 86' lang='lat' dir='ltr'>gratia</span> <span class='ocrx_word' id='word_1_248' title='bbox 1424 1226 1521 1257; x_wconf 84' lang='lat' dir='ltr'><strong>exsp.</strong></span> <span class='ocrx_word' id='word_1_249' title='bbox 1545 1216 1656 1248; x_wconf 84' lang='lat' dir='ltr'><strong>benef.</strong></span> <span class='ocrx_word' id='word_1_250' title='bbox 1683 1226 1711 1247; x_wconf 92' lang='lat' dir='ltr'><strong>c.</strong></span> <span class='ocrx_word' id='word_1_251' title='bbox 1734 1226 1762 1248; x_wconf 91' lang='grc'><strong>0.</strong></span> <span class='ocrx_word' id='word_1_252' title='bbox 1785 1217 1839 1248; x_wconf 89' lang='lat' dir='ltr'><strong>vel</strong></span> <span class='ocrx_word' id='word_1_253' title='bbox 1857 1225 1883 1247; x_wconf 91' lang='lat' dir='ltr'><strong>s.</strong></span> <span class='ocrx_word' id='word_1_254' title='bbox 1903 1226 1931 1248; x_wconf 93' lang='lat' dir='ltr'><strong>c.</strong></span> <span class='ocrx_word' id='word_1_255' title='bbox 1956 1217 1992 1248; x_wconf 91' lang='lat' dir='ltr'><strong>in</strong></span> <span class='ocrx_word' id='word_1_256' title='bbox 2010 1218 2102 1249; x_wconf 88' lang='lat' dir='ltr'><strong>civit.</strong></span> <span class='ocrx_word' id='word_1_257' title='bbox 2122 1219 2175 1250; x_wconf 86' lang='lat' dir='ltr'><strong>vel</strong></span> <span class='ocrx_word' id='word_1_258' title='bbox 2197 1220 2243 1250; x_wconf 91' lang='lat' dir='ltr'><strong>di.</strong></span> 
     </span>
     <span class='ocr_line' id='line_1_43' title="bbox 646 1270 2244 1313; baseline -0.001 -7"><span class='ocrx_word' id='word_1_259' title='bbox 646 1274 835 1312; x_wconf 87' lang='lat' dir='ltr'>Brixinen.,</span> <span class='ocrx_word' id='word_1_260' title='bbox 866 1273 989 1313; x_wconf 89' lang='lat' dir='ltr'>pertin.</span> <span class='ocrx_word' id='word_1_261' title='bbox 1008 1273 1050 1303; x_wconf 87' lang='lat' dir='ltr'><strong>ad</strong></span> <span class='ocrx_word' id='word_1_262' title='bbox 1062 1272 1175 1303; x_wconf 87' lang='lat' dir='ltr'><strong>collat.</strong></span> <span class='ocrx_word' id='word_1_263' title='bbox 1194 1271 1273 1311; x_wconf 90' lang='lat' dir='ltr'><strong>ep.i.</strong></span> <span class='ocrx_word' id='word_1_264' title='bbox 1291 1289 1328 1294; x_wconf 86' lang='lat'><strong>-—-</strong></span> <span class='ocrx_word' id='word_1_265' title='bbox 1343 1271 1370 1302; x_wconf 98' lang='grc' dir='ltr'><strong>Ι.</strong></span> <span class='ocrx_word' id='word_1_266' title='bbox 1388 1280 1418 1303; x_wconf 85' lang='lat' dir='ltr'><strong>e.</strong></span> <span class='ocrx_word' id='word_1_267' title='bbox 1442 1279 1488 1302; x_wconf 93' lang='lat' dir='ltr'><strong>m.</strong></span> <span class='ocrx_word' id='word_1_268' title='bbox 1513 1272 1550 1302; x_wconf 95' lang='lat' dir='ltr'>ut</span> <span class='ocrx_word' id='word_1_269' title='bbox 1572 1279 1612 1307; x_wconf 91' lang='lat' dir='ltr'><strong>s.‚</strong></span> <span class='ocrx_word' id='word_1_270' title='bbox 1634 1279 1667 1301; x_wconf 89' lang='lat' dir='ltr'><strong>n.</strong></span> <span class='ocrx_word' id='word_1_271' title='bbox 1685 1271 1795 1302; x_wconf 83' lang='lat'><strong>21276.</strong></span> <span class='ocrx_word' id='word_1_272' title='bbox 1813 1270 1865 1308; x_wconf 86' lang='lat' dir='ltr'><strong>(A.</strong></span> <span class='ocrx_word' id='word_1_273' title='bbox 1882 1271 1933 1307; x_wconf 87' lang='lat'><strong>22,</strong></span> <span class='ocrx_word' id='word_1_274' title='bbox 1953 1270 1976 1301; x_wconf 88' lang='lat' dir='ltr'><strong>f.</strong></span> <span class='ocrx_word' id='word_1_275' title='bbox 1996 1271 2056 1303; x_wconf 90' lang='grc'><strong>299</strong></span> <span class='ocrx_word' id='word_1_276' title='bbox 2074 1276 2104 1308; x_wconf 81' lang='grc'><strong>·;</strong></span> <span class='ocrx_word' id='word_1_277' title='bbox 2132 1272 2167 1304; x_wconf 92' lang='lat' dir='ltr'><strong>V.</strong></span> <span class='ocrx_word' id='word_1_278' title='bbox 2194 1274 2244 1309; x_wconf 90' lang='lat'><strong>78,</strong></span> 
     </span>
     <span class='ocr_line' id='line_1_44' title="bbox 645 1326 802 1368; baseline -0.019 -9"><span class='ocrx_word' id='word_1_279' title='bbox 645 1336 697 1368; x_wconf 92' lang='lat' dir='ltr'><strong>ep.</strong></span> <span class='ocrx_word' id='word_1_280' title='bbox 716 1326 802 1365; x_wconf 78' lang='grc'><strong>540.)</strong></span> 
     </span>
    </p>

    <p class='ocr_par' dir='ltr' id='par_1_21' title="bbox 644 1376 2245 1633">
     <span class='ocr_line' id='line_1_45' title="bbox 690 1376 2243 1418; baseline 0 -8"><span class='ocrx_word' id='word_1_281' title='bbox 690 1377 828 1410; x_wconf 87' lang='grc'><strong>21280.</strong></span> <span class='ocrx_word' id='word_1_282' title='bbox 849 1397 887 1402; x_wconf 91' lang='grc'>-</span> <span class='ocrx_word' id='word_1_283' title='bbox 907 1378 1058 1410; x_wconf 80' lang='lat' dir='ltr'>Riccardo</span> <span class='ocrx_word' id='word_1_284' title='bbox 1079 1378 1238 1415; x_wconf 79' lang='lat' dir='ltr'>Januarii,</span> <span class='ocrx_word' id='word_1_285' title='bbox 1258 1377 1381 1410; x_wconf 85' lang='lat' dir='ltr'>rectori</span> <span class='ocrx_word' id='word_1_286' title='bbox 1401 1378 1434 1409; x_wconf 91' lang='lat' dir='ltr'><strong>S.</strong></span> <span class='ocrx_word' id='word_1_287' title='bbox 1452 1377 1497 1408; x_wconf 88' lang='lat' dir='ltr'><strong>M.</strong></span> <span class='ocrx_word' id='word_1_288' title='bbox 1521 1377 1562 1408; x_wconf 89' lang='lat' dir='ltr'><strong>de</strong></span> <span class='ocrx_word' id='word_1_289' title='bbox 1583 1376 1768 1417; x_wconf 87' lang='lat' dir='ltr'>Squillacio</span> <span class='ocrx_word' id='word_1_290' title='bbox 1792 1378 1824 1408; x_wconf 92' lang='lat' dir='ltr'><strong>et</strong></span> <span class='ocrx_word' id='word_1_291' title='bbox 1848 1385 1876 1407; x_wconf 86' lang='lat' dir='ltr'><strong>s.</strong></span> <span class='ocrx_word' id='word_1_292' title='bbox 1900 1377 2006 1409; x_wconf 86' lang='lat' dir='ltr'><strong>Annae</strong></span> <span class='ocrx_word' id='word_1_293' title='bbox 2028 1377 2243 1418; x_wconf 89' lang='lat' dir='ltr'>Neapolitan.</span> 
     </span>
     <span class='ocr_line' id='line_1_46' title="bbox 646 1430 2243 1472; baseline -0.002 -7"><span class='ocrx_word' id='word_1_294' title='bbox 646 1434 867 1466; x_wconf 86' lang='lat' dir='ltr'>ecclesiarum</span> <span class='ocrx_word' id='word_1_295' title='bbox 884 1442 912 1464; x_wconf 89' lang='lat' dir='ltr'><strong>s.</strong></span> <span class='ocrx_word' id='word_1_296' title='bbox 931 1442 972 1470; x_wconf 91' lang='lat' dir='ltr'><strong>c.,</strong></span> <span class='ocrx_word' id='word_1_297' title='bbox 996 1433 1103 1472; x_wconf 84' lang='lat' dir='ltr'>gratia</span> <span class='ocrx_word' id='word_1_298' title='bbox 1118 1440 1214 1471; x_wconf 85' lang='lat' dir='ltr'><strong>exsp.</strong></span> <span class='ocrx_word' id='word_1_299' title='bbox 1232 1431 1344 1462; x_wconf 77' lang='lat' dir='ltr'><strong>benef.</strong></span> <span class='ocrx_word' id='word_1_300' title='bbox 1365 1432 1406 1470; x_wconf 93' lang='grc'><strong>(0.</strong></span> <span class='ocrx_word' id='word_1_301' title='bbox 1425 1440 1453 1462; x_wconf 90' lang='grc'><strong>0.</strong></span> <span class='ocrx_word' id='word_1_302' title='bbox 1474 1432 1513 1462; x_wconf 88' lang='grc'><strong>30</strong></span> <span class='ocrx_word' id='word_1_303' title='bbox 1528 1430 1582 1461; x_wconf 88' lang='lat' dir='ltr'><strong>vel</strong></span> <span class='ocrx_word' id='word_1_304' title='bbox 1603 1438 1631 1461; x_wconf 93' lang='lat' dir='ltr'><strong>s.</strong></span> <span class='ocrx_word' id='word_1_305' title='bbox 1660 1439 1687 1461; x_wconf 91' lang='lat' dir='ltr'><strong>c.</strong></span> <span class='ocrx_word' id='word_1_306' title='bbox 1713 1431 1750 1461; x_wconf 91' lang='grc'><strong>15</strong></span> <span class='ocrx_word' id='word_1_307' title='bbox 1767 1438 1843 1461; x_wconf 88' lang='lat' dir='ltr'><strong>unc.</strong></span> <span class='ocrx_word' id='word_1_308' title='bbox 1861 1430 1947 1468; x_wconf 89' lang='lat' dir='ltr'>auri)</span> <span class='ocrx_word' id='word_1_309' title='bbox 1967 1430 2001 1461; x_wconf 92' lang='lat' dir='ltr'><strong>in</strong></span> <span class='ocrx_word' id='word_1_310' title='bbox 2017 1431 2109 1462; x_wconf 87' lang='lat' dir='ltr'><strong>civit.</strong></span> <span class='ocrx_word' id='word_1_311' title='bbox 2125 1432 2179 1464; x_wconf 85' lang='lat' dir='ltr'><strong>vel</strong></span> <span class='ocrx_word' id='word_1_312' title='bbox 2197 1433 2243 1464; x_wconf 90' lang='lat' dir='ltr'><strong>di.</strong></span> 
     </span>
     <span class='ocr_line' id='line_1_47' title="bbox 644 1483 2245 1527; baseline 0 -9"><span class='ocrx_word' id='word_1_313' title='bbox 644 1487 874 1527; x_wconf 86' lang='lat' dir='ltr'><strong>Neapolitan.,</strong></span> <span class='ocrx_word' id='word_1_314' title='bbox 889 1486 1013 1526; x_wconf 91' lang='lat' dir='ltr'>pertin.</span> <span class='ocrx_word' id='word_1_315' title='bbox 1031 1486 1072 1518; x_wconf 87' lang='lat' dir='ltr'><strong>ad</strong></span> <span class='ocrx_word' id='word_1_316' title='bbox 1088 1485 1202 1517; x_wconf 86' lang='lat' dir='ltr'><strong>collat.</strong></span> <span class='ocrx_word' id='word_1_317' title='bbox 1219 1484 1394 1524; x_wconf 89' lang='lat' dir='ltr'><strong>archiep.i.</strong></span> <span class='ocrx_word' id='word_1_318' title='bbox 1411 1501 1450 1506; x_wconf 97' lang='lat'><strong>—</strong></span> <span class='ocrx_word' id='word_1_319' title='bbox 1463 1484 1490 1514; x_wconf 92' lang='grc' dir='ltr'><strong>Ι.</strong></span> <span class='ocrx_word' id='word_1_320' title='bbox 1510 1492 1539 1514; x_wconf 92' lang='grc'><strong>0.</strong></span> <span class='ocrx_word' id='word_1_321' title='bbox 1556 1492 1601 1514; x_wconf 92' lang='lat' dir='ltr'><strong>m.</strong></span> <span class='ocrx_word' id='word_1_322' title='bbox 1620 1483 1767 1514; x_wconf 89' lang='lat' dir='ltr'>Henrico</span> <span class='ocrx_word' id='word_1_323' title='bbox 1785 1483 1929 1520; x_wconf 86' lang='lat' dir='ltr'>Galiota‚</span> <span class='ocrx_word' id='word_1_324' title='bbox 1951 1485 1984 1515; x_wconf 92' lang='lat' dir='ltr'><strong>et</strong></span> <span class='ocrx_word' id='word_1_325' title='bbox 2000 1484 2245 1518; x_wconf 88' lang='lat' dir='ltr'>Bartholomaeo</span> 
     </span>
     <span class='ocr_line' id='line_1_48' title="bbox 644 1535 2244 1580; baseline -0.001 -8"><span class='ocrx_word' id='word_1_326' title='bbox 644 1540 820 1580; x_wconf 83' lang='lat' dir='ltr'>cacapice,</span> <span class='ocrx_word' id='word_1_327' title='bbox 840 1539 1068 1579; x_wconf 86' lang='lat' dir='ltr'><strong>Neapolitan.,</strong></span> <span class='ocrx_word' id='word_1_328' title='bbox 1089 1547 1125 1570; x_wconf 89' lang='lat' dir='ltr'><strong>ac</strong></span> <span class='ocrx_word' id='word_1_329' title='bbox 1143 1547 1232 1578; x_wconf 86' lang='lat' dir='ltr'><strong>mag.</strong></span> <span class='ocrx_word' id='word_1_330' title='bbox 1254 1537 1397 1570; x_wconf 81' lang='lat' dir='ltr'>Andreae</span> <span class='ocrx_word' id='word_1_331' title='bbox 1414 1537 1557 1572; x_wconf 87' lang='lat' dir='ltr'><strong>Taccon,</strong></span> <span class='ocrx_word' id='word_1_332' title='bbox 1577 1537 1679 1576; x_wconf 83' lang='lat' dir='ltr'>Papae</span> <span class='ocrx_word' id='word_1_333' title='bbox 1696 1535 1864 1575; x_wconf 86' lang='lat' dir='ltr'>scriptori,</span> <span class='ocrx_word' id='word_1_334' title='bbox 1886 1537 2051 1568; x_wconf 87' lang='lat' dir='ltr'><strong>Aversan.</strong></span> <span class='ocrx_word' id='word_1_335' title='bbox 2071 1546 2143 1569; x_wconf 88' lang='lat' dir='ltr'><strong>can.</strong></span> <span class='ocrx_word' id='word_1_336' title='bbox 2163 1538 2244 1570; x_wconf 87' lang='lat' dir='ltr'><strong>eccl.</strong></span> 
     </span>
     <span class='ocr_line' id='line_1_49' title="bbox 645 1590 1234 1633; baseline -0.005 -9"><span class='ocrx_word' id='word_1_337' title='bbox 645 1593 697 1633; x_wconf 85' lang='lat' dir='ltr'><strong>(A.</strong></span> <span class='ocrx_word' id='word_1_338' title='bbox 716 1594 766 1630; x_wconf 88' lang='lat'><strong>22,</strong></span> <span class='ocrx_word' id='word_1_339' title='bbox 784 1593 805 1625; x_wconf 86' lang='lat' dir='ltr'><strong>f.</strong></span> <span class='ocrx_word' id='word_1_340' title='bbox 826 1594 885 1625; x_wconf 88' lang='lat'><strong>328</strong></span> <span class='ocrx_word' id='word_1_341' title='bbox 900 1598 932 1629; x_wconf 74' lang='lat'><strong>⁵3</strong></span> <span class='ocrx_word' id='word_1_342' title='bbox 955 1592 990 1623; x_wconf 94' lang='lat' dir='ltr'><strong>V.</strong></span> <span class='ocrx_word' id='word_1_343' title='bbox 1009 1593 1059 1629; x_wconf 88' lang='lat'><strong>78,</strong></span> <span class='ocrx_word' id='word_1_344' title='bbox 1075 1600 1126 1632; x_wconf 86' lang='lat' dir='ltr'><strong>ep.</strong></span> <span class='ocrx_word' id='word_1_345' title='bbox 1149 1590 1234 1630; x_wconf 83' lang='lat'><strong>555.)</strong></span> 
     </span>
    </p>

    <p class='ocr_par' dir='ltr' id='par_1_22' title="bbox 644 1638 2246 1792">
     <span class='ocr_line' id='line_1_50' title="bbox 667 1638 2246 1684; baseline -0.001 -8"><span class='ocrx_word' id='word_1_346' title='bbox 667 1638 669 1641; x_wconf 46' lang='lat'><em>⁴</em></span> <span class='ocrx_word' id='word_1_347' title='bbox 689 1643 829 1677; x_wconf 87' lang='grc'><strong>21281.</strong></span> <span class='ocrx_word' id='word_1_348' title='bbox 858 1664 896 1670; x_wconf 89' lang='lat'><strong>-—</strong></span> <span class='ocrx_word' id='word_1_349' title='bbox 922 1644 1077 1676; x_wconf 83' lang='lat' dir='ltr'>Rainaldo</span> <span class='ocrx_word' id='word_1_350' title='bbox 1093 1645 1128 1675; x_wconf 86' lang='lat' dir='ltr'><strong>de</strong></span> <span class='ocrx_word' id='word_1_351' title='bbox 1149 1643 1300 1684; x_wconf 74' lang='lat' dir='ltr'>Fulyineo</span> <span class='ocrx_word' id='word_1_352' title='bbox 1321 1652 1417 1684; x_wconf 91' lang='lat' dir='ltr'><strong>prov.</strong></span> <span class='ocrx_word' id='word_1_353' title='bbox 1439 1651 1556 1674; x_wconf 90' lang='lat' dir='ltr'><strong>canon.</strong></span> <span class='ocrx_word' id='word_1_354' title='bbox 1582 1642 1645 1674; x_wconf 88' lang='lat' dir='ltr'><strong>sub</strong></span> <span class='ocrx_word' id='word_1_355' title='bbox 1670 1651 1765 1682; x_wconf 88' lang='lat' dir='ltr'><strong>exsp.</strong></span> <span class='ocrx_word' id='word_1_356' title='bbox 1787 1642 1889 1682; x_wconf 86' lang='lat' dir='ltr'><strong>praeb.</strong></span> <span class='ocrx_word' id='word_1_357' title='bbox 1916 1643 1996 1674; x_wconf 88' lang='lat' dir='ltr'><strong>eccl.</strong></span> <span class='ocrx_word' id='word_1_358' title='bbox 2015 1644 2188 1676; x_wconf 88' lang='lat' dir='ltr'>Tudertin.</span> <span class='ocrx_word' id='word_1_359' title='bbox 2207 1663 2246 1669; x_wconf 90' lang='lat'>—</span> 
     </span>
     <span class='ocr_line' id='line_1_51' title="bbox 644 1695 2243 1738; baseline -0.003 -6"><span class='ocrx_word' id='word_1_360' title='bbox 644 1701 670 1732; x_wconf 90' lang='grc' dir='ltr'><strong>Ι.</strong></span> <span class='ocrx_word' id='word_1_361' title='bbox 686 1708 715 1732; x_wconf 91' lang='lat' dir='ltr'><strong>e.</strong></span> <span class='ocrx_word' id='word_1_362' title='bbox 738 1709 783 1732; x_wconf 87' lang='lat' dir='ltr'><strong>m.</strong></span> <span class='ocrx_word' id='word_1_363' title='bbox 803 1708 830 1730; x_wconf 90' lang='lat' dir='ltr'><strong>s.</strong></span> <span class='ocrx_word' id='word_1_364' title='bbox 855 1699 1008 1731; x_wconf 88' lang='lat' dir='ltr'>Severini</span> <span class='ocrx_word' id='word_1_365' title='bbox 1026 1698 1255 1738; x_wconf 88' lang='lat' dir='ltr'>Neapolitan.,</span> <span class='ocrx_word' id='word_1_366' title='bbox 1273 1698 1305 1728; x_wconf 90' lang='lat' dir='ltr'><strong>et</strong></span> <span class='ocrx_word' id='word_1_367' title='bbox 1326 1705 1353 1728; x_wconf 88' lang='lat' dir='ltr'><strong>s.</strong></span> <span class='ocrx_word' id='word_1_368' title='bbox 1380 1696 1498 1728; x_wconf 85' lang='lat' dir='ltr'>Crucis</span> <span class='ocrx_word' id='word_1_369' title='bbox 1516 1696 1556 1727; x_wconf 90' lang='lat' dir='ltr'><strong>de</strong></span> <span class='ocrx_word' id='word_1_370' title='bbox 1576 1696 1757 1733; x_wconf 81' lang='lat' dir='ltr'>saxovivo,</span> <span class='ocrx_word' id='word_1_371' title='bbox 1776 1695 1991 1734; x_wconf 86' lang='lat' dir='ltr'>Fulginaten.</span> <span class='ocrx_word' id='word_1_372' title='bbox 2014 1697 2073 1734; x_wconf 91' lang='lat' dir='ltr'><strong>di.,</strong></span> <span class='ocrx_word' id='word_1_373' title='bbox 2097 1700 2243 1730; x_wconf 87' lang='lat' dir='ltr'><strong>monast.</strong></span> 
     </span>
     <span class='ocr_line' id='line_1_52' title="bbox 645 1747 1924 1792; baseline -0.004 -8"><span class='ocrx_word' id='word_1_374' title='bbox 645 1753 734 1791; x_wconf 60' lang='lat' dir='ltr'><strong>abb„</strong></span> <span class='ocrx_word' id='word_1_375' title='bbox 755 1762 792 1784; x_wconf 87' lang='lat' dir='ltr'><strong>ac</strong></span> <span class='ocrx_word' id='word_1_376' title='bbox 809 1752 953 1792; x_wconf 87' lang='lat' dir='ltr'><strong>archipr.</strong></span> <span class='ocrx_word' id='word_1_377' title='bbox 972 1752 1052 1783; x_wconf 87' lang='lat' dir='ltr'><strong>eccl.</strong></span> <span class='ocrx_word' id='word_1_378' title='bbox 1071 1752 1328 1783; x_wconf 86' lang='lat' dir='ltr'>Beneventanae.</span> <span class='ocrx_word' id='word_1_379' title='bbox 1349 1749 1400 1788; x_wconf 86' lang='lat' dir='ltr'><strong>(A.</strong></span> <span class='ocrx_word' id='word_1_380' title='bbox 1418 1751 1468 1786; x_wconf 89' lang='lat'><strong>22,</strong></span> <span class='ocrx_word' id='word_1_381' title='bbox 1485 1749 1507 1780; x_wconf 90' lang='lat' dir='ltr'><strong>f.</strong></span> <span class='ocrx_word' id='word_1_382' title='bbox 1528 1751 1587 1780; x_wconf 82' lang='grc'><strong>254</strong></span> <span class='ocrx_word' id='word_1_383' title='bbox 1603 1754 1632 1786; x_wconf 75' lang='lat'><strong>³3</strong></span> <span class='ocrx_word' id='word_1_384' title='bbox 1655 1747 1689 1778; x_wconf 91' lang='lat' dir='ltr'><strong>V.</strong></span> <span class='ocrx_word' id='word_1_385' title='bbox 1705 1750 1755 1786; x_wconf 88' lang='lat'><strong>78,</strong></span> <span class='ocrx_word' id='word_1_386' title='bbox 1770 1757 1823 1788; x_wconf 90' lang='lat' dir='ltr'><strong>ep.</strong></span> <span class='ocrx_word' id='word_1_387' title='bbox 1839 1748 1924 1787; x_wconf 89' lang='grc'><strong>558.)</strong></span> 
     </span>
    </p>
   </div>
   <div class='ocr_carea' id='block_1_17' title="bbox 645 1802 2240 1950">
    <p class='ocr_par' dir='ltr' id='par_1_23' title="bbox 645 1802 2240 1950">
     <span class='ocr_line' id='line_1_53' title="bbox 688 1802 2240 1844; baseline -0.001 -8"><span class='ocrx_word' id='word_1_388' title='bbox 688 1803 825 1836; x_wconf 87' lang='grc'><strong>21282.</strong></span> <span class='ocrx_word' id='word_1_389' title='bbox 849 1823 888 1828; x_wconf 89' lang='grc'>-</span> <span class='ocrx_word' id='word_1_390' title='bbox 910 1805 1023 1836; x_wconf 83' lang='lat' dir='ltr'><strong>Jacobo</strong></span> <span class='ocrx_word' id='word_1_391' title='bbox 1046 1804 1083 1835; x_wconf 88' lang='lat' dir='ltr'><strong>de</strong></span> <span class='ocrx_word' id='word_1_392' title='bbox 1099 1803 1248 1844; x_wconf 76' lang='lat' dir='ltr'>Fulqineo</span> <span class='ocrx_word' id='word_1_393' title='bbox 1274 1803 1391 1834; x_wconf 88' lang='lat' dir='ltr'>eadem</span> <span class='ocrx_word' id='word_1_394' title='bbox 1413 1803 1522 1842; x_wconf 87' lang='lat' dir='ltr'>gratia</span> <span class='ocrx_word' id='word_1_395' title='bbox 1540 1803 1575 1833; x_wconf 90' lang='lat' dir='ltr'><strong>in</strong></span> <span class='ocrx_word' id='word_1_396' title='bbox 1591 1802 1672 1833; x_wconf 89' lang='lat' dir='ltr'><strong>eccl.</strong></span> <span class='ocrx_word' id='word_1_397' title='bbox 1691 1802 1903 1833; x_wconf 84' lang='lat' dir='ltr'>Camerinen.</span> <span class='ocrx_word' id='word_1_398' title='bbox 1930 1820 1968 1824; x_wconf 97' lang='lat'><strong>—</strong></span> <span class='ocrx_word' id='word_1_399' title='bbox 1989 1802 2016 1833; x_wconf 91' lang='lat'><strong>1.</strong></span> <span class='ocrx_word' id='word_1_400' title='bbox 2036 1811 2064 1834; x_wconf 87' lang='lat' dir='ltr'><strong>e.</strong></span> <span class='ocrx_word' id='word_1_401' title='bbox 2088 1812 2132 1834; x_wconf 91' lang='lat' dir='ltr'><strong>m.</strong></span> <span class='ocrx_word' id='word_1_402' title='bbox 2154 1805 2191 1835; x_wconf 92' lang='lat' dir='ltr'>ut</span> <span class='ocrx_word' id='word_1_403' title='bbox 2213 1813 2240 1835; x_wconf 87' lang='lat' dir='ltr'><strong>s.</strong></span> 
     </span>
     <span class='ocr_line' id='line_1_54' title="bbox 645 1858 1228 1898; baseline -0.005 -8"><span class='ocrx_word' id='word_1_404' title='bbox 645 1859 696 1898; x_wconf 91' lang='lat' dir='ltr'><strong>(A.</strong></span> <span class='ocrx_word' id='word_1_405' title='bbox 716 1861 766 1895; x_wconf 87' lang='lat'><strong>22,</strong></span> <span class='ocrx_word' id='word_1_406' title='bbox 787 1859 810 1889; x_wconf 89' lang='lat' dir='ltr'><strong>f.</strong></span> <span class='ocrx_word' id='word_1_407' title='bbox 824 1860 883 1890; x_wconf 82' lang='grc'><strong>251</strong></span> <span class='ocrx_word' id='word_1_408' title='bbox 900 1858 931 1895; x_wconf 76' lang='lat'><strong>¹¹3</strong></span> <span class='ocrx_word' id='word_1_409' title='bbox 958 1858 990 1888; x_wconf 91' lang='lat' dir='ltr'><strong>V.</strong></span> <span class='ocrx_word' id='word_1_410' title='bbox 1007 1859 1058 1895; x_wconf 91' lang='lat'><strong>78,</strong></span> <span class='ocrx_word' id='word_1_411' title='bbox 1076 1866 1128 1897; x_wconf 92' lang='lat' dir='ltr'><strong>ep.</strong></span> <span class='ocrx_word' id='word_1_412' title='bbox 1144 1858 1228 1895; x_wconf 89' lang='grc'><strong>559.)</strong></span> 
     </span>
     <span class='ocr_line' id='line_1_55' title="bbox 688 1908 2240 1950; baseline -0.001 -8"><span class='ocrx_word' id='word_1_413' title='bbox 688 1909 826 1942; x_wconf 79' lang='grc'><strong>21283.</strong></span> <span class='ocrx_word' id='word_1_414' title='bbox 849 1929 888 1934; x_wconf 87' lang='lat'><strong>-—</strong></span> <span class='ocrx_word' id='word_1_415' title='bbox 908 1911 1028 1942; x_wconf 84' lang='lat' dir='ltr'>Deccmo</span> <span class='ocrx_word' id='word_1_416' title='bbox 1049 1910 1284 1950; x_wconf 63' lang='lat' dir='ltr'>Rothomagen„</span> <span class='ocrx_word' id='word_1_417' title='bbox 1301 1913 1329 1940; x_wconf 88' lang='lat' dir='ltr'><strong>et</strong></span> <span class='ocrx_word' id='word_1_418' title='bbox 1346 1908 1467 1940; x_wconf 83' lang='lat' dir='ltr'>cantori</span> <span class='ocrx_word' id='word_1_419' title='bbox 1485 1908 1636 1938; x_wconf 79' lang='lat' dir='ltr'>Parisien.</span> <span class='ocrx_word' id='word_1_420' title='bbox 1654 1917 1689 1938; x_wconf 87' lang='lat' dir='ltr'><strong>ac</strong></span> <span class='ocrx_word' id='word_1_421' title='bbox 1706 1908 1820 1939; x_wconf 79' lang='lat' dir='ltr'>Joanni</span> <span class='ocrx_word' id='word_1_422' title='bbox 1837 1908 1873 1939; x_wconf 86' lang='lat' dir='ltr'><strong>de</strong></span> <span class='ocrx_word' id='word_1_423' title='bbox 1888 1908 2013 1946; x_wconf 81' lang='lat' dir='ltr'>Pennis,</span> <span class='ocrx_word' id='word_1_424' title='bbox 2033 1918 2099 1939; x_wconf 83' lang='lat' dir='ltr'><strong>can.</strong></span> <span class='ocrx_word' id='word_1_425' title='bbox 2118 1909 2240 1941; x_wconf 82' lang='lat' dir='ltr'><strong>Remen.</strong></span> 
     </span>
    </p>
   </div>
   <div class='ocr_carea' id='block_1_18' title="bbox 641 1961 2243 3015">
    <p class='ocr_par' dir='ltr' id='par_1_24' title="bbox 642 1961 2243 2112">
     <span class='ocr_line' id='line_1_56' title="bbox 644 1961 2243 2001; baseline -0.001 -5"><span class='ocrx_word' id='word_1_426' title='bbox 644 1965 728 2000; x_wconf 80' lang='lat' dir='ltr'><strong>eccl..</strong></span> <span class='ocrx_word' id='word_1_427' title='bbox 745 1965 859 1996; x_wconf 85' lang='lat' dir='ltr'><strong>mand.</strong></span> <span class='ocrx_word' id='word_1_428' title='bbox 876 1966 913 1995; x_wconf 91' lang='lat' dir='ltr'>ut</span> <span class='ocrx_word' id='word_1_429' title='bbox 924 1965 1072 1996; x_wconf 87' lang='lat' dir='ltr'>Giletam</span> <span class='ocrx_word' id='word_1_430' title='bbox 1090 1965 1206 1994; x_wconf 88' lang='lat' dir='ltr'>natam</span> <span class='ocrx_word' id='word_1_431' title='bbox 1225 1962 1404 1994; x_wconf 88' lang='lat' dir='ltr'>Guillelmi</span> <span class='ocrx_word' id='word_1_432' title='bbox 1428 1962 1561 1998; x_wconf 85' lang='lat' dir='ltr'>Hauon,</span> <span class='ocrx_word' id='word_1_433' title='bbox 1579 1961 1749 2000; x_wconf 87' lang='lat' dir='ltr'>armigeri,</span> <span class='ocrx_word' id='word_1_434' title='bbox 1772 1961 1922 2001; x_wconf 87' lang='lat' dir='ltr'><strong>puellam</strong></span> <span class='ocrx_word' id='word_1_435' title='bbox 1937 1961 2122 1993; x_wconf 79' lang='lat' dir='ltr'>litteratam</span> <span class='ocrx_word' id='word_1_436' title='bbox 2144 1962 2243 1994; x_wconf 86' lang='lat' dir='ltr'>Sues-</span> 
     </span>
     <span class='ocr_line' id='line_1_57' title="bbox 644 2014 2242 2057; baseline -0.002 -7"><span class='ocrx_word' id='word_1_437' title='bbox 644 2019 775 2050; x_wconf 88' lang='lat' dir='ltr'>sionen.</span> <span class='ocrx_word' id='word_1_438' title='bbox 791 2018 850 2056; x_wconf 88' lang='lat' dir='ltr'><strong>di.,</strong></span> <span class='ocrx_word' id='word_1_439' title='bbox 869 2017 974 2057; x_wconf 90' lang='lat' dir='ltr'>recipi</span> <span class='ocrx_word' id='word_1_440' title='bbox 994 2017 1118 2048; x_wconf 82' lang='lat' dir='ltr'>faciant</span> <span class='ocrx_word' id='word_1_441' title='bbox 1136 2017 1172 2047; x_wconf 93' lang='lat' dir='ltr'><strong>in</strong></span> <span class='ocrx_word' id='word_1_442' title='bbox 1186 2017 1332 2047; x_wconf 87' lang='lat' dir='ltr'><strong>monast.</strong></span> <span class='ocrx_word' id='word_1_443' title='bbox 1350 2014 1550 2046; x_wconf 89' lang='lat' dir='ltr'>monialium</span> <span class='ocrx_word' id='word_1_444' title='bbox 1567 2014 1607 2045; x_wconf 90' lang='lat' dir='ltr'><strong>de</strong></span> <span class='ocrx_word' id='word_1_445' title='bbox 1628 2014 1834 2046; x_wconf 86' lang='lat' dir='ltr'>Monasterio</span> <span class='ocrx_word' id='word_1_446' title='bbox 1853 2014 1979 2050; x_wconf 87' lang='lat' dir='ltr'>villari,</span> <span class='ocrx_word' id='word_1_447' title='bbox 1996 2014 2035 2046; x_wconf 91' lang='lat' dir='ltr'><strong>O.</strong></span> <span class='ocrx_word' id='word_1_448' title='bbox 2054 2015 2088 2046; x_wconf 92' lang='lat' dir='ltr'><strong>S.</strong></span> <span class='ocrx_word' id='word_1_449' title='bbox 2105 2015 2157 2051; x_wconf 84' lang='lat' dir='ltr'><strong>B..</strong></span> <span class='ocrx_word' id='word_1_450' title='bbox 2176 2016 2242 2048; x_wconf 90' lang='lat' dir='ltr'>Ro-</span> 
     </span>
     <span class='ocr_line' id='line_1_58' title="bbox 642 2068 1499 2112; baseline -0.008 -8"><span class='ocrx_word' id='word_1_451' title='bbox 642 2072 834 2112; x_wconf 82' lang='lat' dir='ltr'><strong>thomagen.</strong></span> <span class='ocrx_word' id='word_1_452' title='bbox 850 2072 895 2102; x_wconf 86' lang='lat' dir='ltr'><strong>di.</strong></span> <span class='ocrx_word' id='word_1_453' title='bbox 916 2070 968 2110; x_wconf 89' lang='lat' dir='ltr'><strong>(A.</strong></span> <span class='ocrx_word' id='word_1_454' title='bbox 986 2072 1036 2107; x_wconf 82' lang='lat'><strong>22,</strong></span> <span class='ocrx_word' id='word_1_455' title='bbox 1055 2070 1078 2102; x_wconf 85' lang='lat' dir='ltr'><strong>f.</strong></span> <span class='ocrx_word' id='word_1_456' title='bbox 1097 2071 1156 2101; x_wconf 88' lang='grc'><strong>377</strong></span> <span class='ocrx_word' id='word_1_457' title='bbox 1174 2069 1205 2105; x_wconf 78' lang='lat' dir='ltr'><strong>b;</strong></span> <span class='ocrx_word' id='word_1_458' title='bbox 1228 2068 1263 2100; x_wconf 91' lang='lat' dir='ltr'><strong>V.</strong></span> <span class='ocrx_word' id='word_1_459' title='bbox 1281 2069 1331 2105; x_wconf 89' lang='lat'><strong>78,</strong></span> <span class='ocrx_word' id='word_1_460' title='bbox 1348 2077 1399 2108; x_wconf 92' lang='lat' dir='ltr'><strong>ep.</strong></span> <span class='ocrx_word' id='word_1_461' title='bbox 1415 2069 1499 2107; x_wconf 88' lang='grc'><strong>600.)</strong></span> 
     </span>
    </p>

    <p class='ocr_par' dir='ltr' id='par_1_25' title="bbox 642 2119 2242 2326">
     <span class='ocr_line' id='line_1_59' title="bbox 687 2119 2238 2159; baseline -0.001 -4"><span class='ocrx_word' id='word_1_462' title='bbox 687 2122 825 2155; x_wconf 78' lang='grc'><strong>21284.</strong></span> <span class='ocrx_word' id='word_1_463' title='bbox 851 2142 889 2148; x_wconf 91' lang='lat'><strong>—-</strong></span> <span class='ocrx_word' id='word_1_464' title='bbox 920 2123 1051 2155; x_wconf 83' lang='lat' dir='ltr'>Vedasco</span> <span class='ocrx_word' id='word_1_465' title='bbox 1083 2123 1119 2154; x_wconf 87' lang='lat' dir='ltr'><strong>de</strong></span> <span class='ocrx_word' id='word_1_466' title='bbox 1145 2122 1314 2154; x_wconf 83' lang='lat' dir='ltr'>Villaribus</span> <span class='ocrx_word' id='word_1_467' title='bbox 1340 2120 1511 2157; x_wconf 80' lang='lat' dir='ltr'>Colliresti,</span> <span class='ocrx_word' id='word_1_468' title='bbox 1529 2129 1601 2152; x_wconf 88' lang='lat' dir='ltr'><strong>can.</strong></span> <span class='ocrx_word' id='word_1_469' title='bbox 1621 2120 1701 2152; x_wconf 88' lang='lat' dir='ltr'><strong>eccl.</strong></span> <span class='ocrx_word' id='word_1_470' title='bbox 1726 2129 1754 2152; x_wconf 91' lang='lat' dir='ltr'><strong>s.</strong></span> <span class='ocrx_word' id='word_1_471' title='bbox 1781 2119 1977 2152; x_wconf 86' lang='lat' dir='ltr'>Frambaldi</span> <span class='ocrx_word' id='word_1_472' title='bbox 1999 2121 2238 2159; x_wconf 86' lang='lat' dir='ltr'>Silvanecten.,</span> 
     </span>
     <span class='ocr_line' id='line_1_60' title="bbox 643 2173 2242 2218; baseline -0.003 -8"><span class='ocrx_word' id='word_1_473' title='bbox 643 2187 739 2218; x_wconf 86' lang='lat' dir='ltr'><strong>prov.</strong></span> <span class='ocrx_word' id='word_1_474' title='bbox 755 2186 873 2210; x_wconf 87' lang='lat' dir='ltr'><strong>canon.</strong></span> <span class='ocrx_word' id='word_1_475' title='bbox 893 2178 973 2209; x_wconf 89' lang='lat' dir='ltr'><strong>eccl.</strong></span> <span class='ocrx_word' id='word_1_476' title='bbox 993 2186 1020 2208; x_wconf 88' lang='lat' dir='ltr'><strong>s.</strong></span> <span class='ocrx_word' id='word_1_477' title='bbox 1040 2176 1238 2211; x_wconf 83' lang='lat' dir='ltr'>Andomari,</span> <span class='ocrx_word' id='word_1_478' title='bbox 1255 2175 1421 2207; x_wconf 87' lang='lat' dir='ltr'>Morinen.</span> <span class='ocrx_word' id='word_1_479' title='bbox 1438 2174 1497 2211; x_wconf 88' lang='lat' dir='ltr'><strong>di.,</strong></span> <span class='ocrx_word' id='word_1_480' title='bbox 1515 2173 1578 2205; x_wconf 90' lang='lat' dir='ltr'><strong>sub</strong></span> <span class='ocrx_word' id='word_1_481' title='bbox 1593 2182 1688 2213; x_wconf 87' lang='lat' dir='ltr'><strong>exsp.</strong></span> <span class='ocrx_word' id='word_1_482' title='bbox 1703 2173 1806 2213; x_wconf 89' lang='lat' dir='ltr'><strong>praeb.</strong></span> <span class='ocrx_word' id='word_1_483' title='bbox 1822 2191 1861 2196; x_wconf 98' lang='lat'><strong>—</strong></span> <span class='ocrx_word' id='word_1_484' title='bbox 1874 2174 1900 2204; x_wconf 90' lang='grc' dir='ltr'><strong>Ι.</strong></span> <span class='ocrx_word' id='word_1_485' title='bbox 1918 2182 1947 2205; x_wconf 91' lang='lat' dir='ltr'><strong>e.</strong></span> <span class='ocrx_word' id='word_1_486' title='bbox 1965 2183 2009 2205; x_wconf 88' lang='lat' dir='ltr'><strong>m.</strong></span> <span class='ocrx_word' id='word_1_487' title='bbox 2026 2174 2192 2206; x_wconf 90' lang='lat' dir='ltr'>Morinen.</span> <span class='ocrx_word' id='word_1_488' title='bbox 2209 2177 2242 2206; x_wconf 89' lang='lat' dir='ltr'><strong>et</strong></span> 
     </span>
     <span class='ocr_line' id='line_1_61' title="bbox 643 2227 2239 2268; baseline -0.003 -4"><span class='ocrx_word' id='word_1_489' title='bbox 643 2231 867 2264; x_wconf 83' lang='lat' dir='ltr'>Silvanecten.</span> <span class='ocrx_word' id='word_1_490' title='bbox 885 2231 1034 2268; x_wconf 89' lang='lat' dir='ltr'>decanis,</span> <span class='ocrx_word' id='word_1_491' title='bbox 1059 2239 1097 2261; x_wconf 91' lang='lat' dir='ltr'><strong>ac</strong></span> <span class='ocrx_word' id='word_1_492' title='bbox 1111 2229 1236 2261; x_wconf 84' lang='lat' dir='ltr'>Joanni</span> <span class='ocrx_word' id='word_1_493' title='bbox 1251 2229 1291 2260; x_wconf 92' lang='lat' dir='ltr'><strong>de</strong></span> <span class='ocrx_word' id='word_1_494' title='bbox 1307 2228 1447 2264; x_wconf 88' lang='lat' dir='ltr'>Pennis,</span> <span class='ocrx_word' id='word_1_495' title='bbox 1465 2236 1538 2258; x_wconf 86' lang='lat' dir='ltr'><strong>can.</strong></span> <span class='ocrx_word' id='word_1_496' title='bbox 1555 2228 1695 2259; x_wconf 86' lang='lat' dir='ltr'>Remen.</span> <span class='ocrx_word' id='word_1_497' title='bbox 1720 2227 1799 2258; x_wconf 89' lang='lat' dir='ltr'><strong>eccl.</strong></span> <span class='ocrx_word' id='word_1_498' title='bbox 1821 2227 1872 2265; x_wconf 88' lang='lat' dir='ltr'><strong>(A.</strong></span> <span class='ocrx_word' id='word_1_499' title='bbox 1892 2228 1942 2265; x_wconf 89' lang='grc'><strong>22,</strong></span> <span class='ocrx_word' id='word_1_500' title='bbox 1959 2227 1983 2258; x_wconf 87' lang='lat' dir='ltr'><strong>f.</strong></span> <span class='ocrx_word' id='word_1_501' title='bbox 2000 2228 2058 2259; x_wconf 91' lang='grc'><strong>377</strong></span> <span class='ocrx_word' id='word_1_502' title='bbox 2077 2227 2091 2249; x_wconf 77' lang='lat' dir='ltr'><strong>b</strong></span> <span class='ocrx_word' id='word_1_503' title='bbox 2102 2236 2111 2265; x_wconf 92' lang='lat'>;</span> <span class='ocrx_word' id='word_1_504' title='bbox 2138 2228 2170 2259; x_wconf 89' lang='lat' dir='ltr'><strong>V.</strong></span> <span class='ocrx_word' id='word_1_505' title='bbox 2190 2230 2239 2267; x_wconf 84' lang='lat'><strong>78,</strong></span> 
     </span>
     <span class='ocr_line' id='line_1_62' title="bbox 642 2285 799 2326; baseline -0.019 -9"><span class='ocrx_word' id='word_1_506' title='bbox 642 2293 696 2326; x_wconf 87' lang='lat' dir='ltr'><strong>ep.</strong></span> <span class='ocrx_word' id='word_1_507' title='bbox 712 2285 799 2324; x_wconf 83' lang='grc'><strong>602.)</strong></span> 
     </span>
    </p>

    <p class='ocr_par' dir='ltr' id='par_1_26' title="bbox 641 2332 2243 2535">
     <span class='ocr_line' id='line_1_63' title="bbox 662 2332 2239 2375; baseline -0.002 -7"><span class='ocrx_word' id='word_1_508' title='bbox 662 2368 665 2375; x_wconf 84' lang='grc'><strong>,</strong></span> <span class='ocrx_word' id='word_1_509' title='bbox 687 2335 826 2368; x_wconf 82' lang='grc'><strong>21285.</strong></span> <span class='ocrx_word' id='word_1_510' title='bbox 842 2356 880 2361; x_wconf 87' lang='lat'><em>-</em></span> <span class='ocrx_word' id='word_1_511' title='bbox 896 2337 1030 2368; x_wconf 80' lang='lat' dir='ltr'>Roberto</span> <span class='ocrx_word' id='word_1_512' title='bbox 1044 2336 1080 2367; x_wconf 83' lang='lat' dir='ltr'><strong>de</strong></span> <span class='ocrx_word' id='word_1_513' title='bbox 1093 2336 1210 2367; x_wconf 82' lang='lat' dir='ltr'>Brione</span> <span class='ocrx_word' id='word_1_514' title='bbox 1225 2335 1342 2366; x_wconf 86' lang='lat' dir='ltr'>eadem</span> <span class='ocrx_word' id='word_1_515' title='bbox 1356 2334 1465 2375; x_wconf 80' lang='lat' dir='ltr'>gratia</span> <span class='ocrx_word' id='word_1_516' title='bbox 1477 2334 1512 2364; x_wconf 90' lang='lat' dir='ltr'><strong>in</strong></span> <span class='ocrx_word' id='word_1_517' title='bbox 1523 2333 1603 2365; x_wconf 87' lang='lat' dir='ltr'><strong>eccl.</strong></span> <span class='ocrx_word' id='word_1_518' title='bbox 1616 2333 1808 2370; x_wconf 62' lang='lat' dir='ltr'>Carnoten„</span> <span class='ocrx_word' id='word_1_519' title='bbox 1825 2341 1891 2364; x_wconf 90' lang='lat' dir='ltr'>non</span> <span class='ocrx_word' id='word_1_520' title='bbox 1903 2332 1990 2364; x_wconf 89' lang='lat' dir='ltr'><strong>obst.</strong></span> <span class='ocrx_word' id='word_1_521' title='bbox 2008 2334 2042 2364; x_wconf 91' lang='lat' dir='ltr'><strong>in</strong></span> <span class='ocrx_word' id='word_1_522' title='bbox 2058 2334 2239 2366; x_wconf 84' lang='lat' dir='ltr'>Lexovien.</span> 
     </span>
     <span class='ocr_line' id='line_1_64' title="bbox 642 2386 2243 2429; baseline -0.004 -5"><span class='ocrx_word' id='word_1_523' title='bbox 642 2393 676 2424; x_wconf 89' lang='lat' dir='ltr'><strong>et</strong></span> <span class='ocrx_word' id='word_1_524' title='bbox 687 2391 865 2424; x_wconf 89' lang='lat' dir='ltr'>Ebroicen.</span> <span class='ocrx_word' id='word_1_525' title='bbox 883 2399 1000 2422; x_wconf 87' lang='lat' dir='ltr'><strong>canon.</strong></span> <span class='ocrx_word' id='word_1_526' title='bbox 1018 2391 1050 2421; x_wconf 90' lang='lat' dir='ltr'><strong>et</strong></span> <span class='ocrx_word' id='word_1_527' title='bbox 1067 2389 1183 2429; x_wconf 89' lang='lat' dir='ltr'><strong>praeb.‚</strong></span> <span class='ocrx_word' id='word_1_528' title='bbox 1201 2389 1234 2420; x_wconf 92' lang='lat' dir='ltr'><strong>et</strong></span> <span class='ocrx_word' id='word_1_529' title='bbox 1249 2388 1285 2419; x_wconf 93' lang='lat' dir='ltr'><strong>in</strong></span> <span class='ocrx_word' id='word_1_530' title='bbox 1301 2388 1419 2419; x_wconf 85' lang='lat' dir='ltr'>eadem</span> <span class='ocrx_word' id='word_1_531' title='bbox 1431 2386 1609 2418; x_wconf 91' lang='lat' dir='ltr'>Ebroicen.</span> <span class='ocrx_word' id='word_1_532' title='bbox 1623 2386 1704 2418; x_wconf 87' lang='lat' dir='ltr'><strong>eccl.</strong></span> <span class='ocrx_word' id='word_1_533' title='bbox 1722 2386 1901 2418; x_wconf 90' lang='lat' dir='ltr'><strong>archidiac.</strong></span> <span class='ocrx_word' id='word_1_534' title='bbox 1916 2386 1957 2418; x_wconf 89' lang='lat' dir='ltr'><strong>de</strong></span> <span class='ocrx_word' id='word_1_535' title='bbox 1972 2386 2070 2424; x_wconf 89' lang='lat' dir='ltr'><strong>Occa,</strong></span> <span class='ocrx_word' id='word_1_536' title='bbox 2087 2395 2161 2427; x_wconf 86' lang='lat' dir='ltr'><strong>quae</strong></span> <span class='ocrx_word' id='word_1_537' title='bbox 2174 2395 2243 2419; x_wconf 91' lang='lat' dir='ltr'>mo-</span> 
     </span>
     <span class='ocr_line' id='line_1_65' title="bbox 642 2439 2241 2479; baseline -0.004 -2"><span class='ocrx_word' id='word_1_538' title='bbox 642 2445 709 2478; x_wconf 88' lang='lat' dir='ltr'>dici</span> <span class='ocrx_word' id='word_1_539' title='bbox 723 2445 850 2477; x_wconf 85' lang='lat' dir='ltr'>valoris</span> <span class='ocrx_word' id='word_1_540' title='bbox 868 2444 1031 2476; x_wconf 88' lang='lat' dir='ltr'>existunt.</span> <span class='ocrx_word' id='word_1_541' title='bbox 1048 2460 1087 2465; x_wconf 85' lang='lat'><em>-</em></span> <span class='ocrx_word' id='word_1_542' title='bbox 1106 2443 1132 2474; x_wconf 92' lang='lat'><strong>1.</strong></span> <span class='ocrx_word' id='word_1_543' title='bbox 1153 2451 1182 2473; x_wconf 89' lang='lat' dir='ltr'><strong>e.</strong></span> <span class='ocrx_word' id='word_1_544' title='bbox 1202 2450 1246 2472; x_wconf 88' lang='lat' dir='ltr'><strong>m.</strong></span> <span class='ocrx_word' id='word_1_545' title='bbox 1268 2440 1344 2472; x_wconf 85' lang='lat' dir='ltr'><strong>abb.</strong></span> <span class='ocrx_word' id='word_1_546' title='bbox 1370 2442 1515 2471; x_wconf 86' lang='lat' dir='ltr'><strong>monast.</strong></span> <span class='ocrx_word' id='word_1_547' title='bbox 1533 2448 1561 2470; x_wconf 90' lang='lat' dir='ltr'><strong>s.</strong></span> <span class='ocrx_word' id='word_1_548' title='bbox 1578 2439 1671 2471; x_wconf 84' lang='lat' dir='ltr'>Petri</span> <span class='ocrx_word' id='word_1_549' title='bbox 1689 2439 1723 2470; x_wconf 88' lang='lat' dir='ltr'><strong>in</strong></span> <span class='ocrx_word' id='word_1_550' title='bbox 1743 2439 1888 2479; x_wconf 87' lang='lat' dir='ltr'>Valleya</span> <span class='ocrx_word' id='word_1_551' title='bbox 1907 2439 2098 2476; x_wconf 87' lang='lat' dir='ltr'>Carnoten.,</span> <span class='ocrx_word' id='word_1_552' title='bbox 2114 2441 2146 2471; x_wconf 89' lang='lat' dir='ltr'><strong>et</strong></span> <span class='ocrx_word' id='word_1_553' title='bbox 2164 2449 2241 2471; x_wconf 88' lang='lat' dir='ltr'><strong>can-</strong></span> 
     </span>
     <span class='ocr_line' id='line_1_66' title="bbox 641 2492 2240 2535; baseline -0.004 -5"><span class='ocrx_word' id='word_1_554' title='bbox 641 2499 708 2530; x_wconf 90' lang='lat' dir='ltr'>tori</span> <span class='ocrx_word' id='word_1_555' title='bbox 723 2498 904 2535; x_wconf 70' lang='lat' dir='ltr'>parisien„</span> <span class='ocrx_word' id='word_1_556' title='bbox 925 2506 963 2528; x_wconf 88' lang='grc'><strong>30</strong></span> <span class='ocrx_word' id='word_1_557' title='bbox 978 2496 1100 2528; x_wconf 86' lang='lat' dir='ltr'>Joanni</span> <span class='ocrx_word' id='word_1_558' title='bbox 1116 2496 1157 2526; x_wconf 88' lang='lat' dir='ltr'><strong>de</strong></span> <span class='ocrx_word' id='word_1_559' title='bbox 1176 2494 1311 2531; x_wconf 88' lang='lat' dir='ltr'>Pennis,</span> <span class='ocrx_word' id='word_1_560' title='bbox 1326 2502 1400 2525; x_wconf 90' lang='lat' dir='ltr'><strong>can.</strong></span> <span class='ocrx_word' id='word_1_561' title='bbox 1418 2493 1559 2525; x_wconf 89' lang='lat' dir='ltr'>Remen.</span> <span class='ocrx_word' id='word_1_562' title='bbox 1574 2493 1654 2524; x_wconf 90' lang='lat' dir='ltr'><strong>eccl.</strong></span> <span class='ocrx_word' id='word_1_563' title='bbox 1672 2492 1726 2532; x_wconf 87' lang='lat' dir='ltr'><strong>(A.</strong></span> <span class='ocrx_word' id='word_1_564' title='bbox 1739 2493 1791 2530; x_wconf 88' lang='lat'><strong>22,</strong></span> <span class='ocrx_word' id='word_1_565' title='bbox 1808 2492 1830 2523; x_wconf 89' lang='lat' dir='ltr'><strong>f.</strong></span> <span class='ocrx_word' id='word_1_566' title='bbox 1846 2493 1906 2523; x_wconf 90' lang='grc'><strong>378</strong></span> <span class='ocrx_word' id='word_1_567' title='bbox 1921 2497 1935 2514; x_wconf 82' lang='lat'>⁸</span> <span class='ocrx_word' id='word_1_568' title='bbox 1940 2501 1950 2528; x_wconf 77' lang='lat'><em>3</em></span> <span class='ocrx_word' id='word_1_569' title='bbox 1973 2492 2008 2524; x_wconf 91' lang='lat' dir='ltr'><strong>V.</strong></span> <span class='ocrx_word' id='word_1_570' title='bbox 2028 2493 2078 2530; x_wconf 86' lang='lat'><strong>78,</strong></span> <span class='ocrx_word' id='word_1_571' title='bbox 2091 2502 2144 2532; x_wconf 91' lang='lat' dir='ltr'><strong>ep.</strong></span> <span class='ocrx_word' id='word_1_572' title='bbox 2156 2493 2240 2531; x_wconf 88' lang='grc'><strong>603.)</strong></span> 
     </span>
    </p>

    <p class='ocr_par' dir='ltr' id='par_1_27' title="bbox 641 2545 2240 2857">
     <span class='ocr_line' id='line_1_67' title="bbox 685 2545 2240 2585; baseline -0.003 -3"><span class='ocrx_word' id='word_1_573' title='bbox 685 2548 824 2582; x_wconf 81' lang='grc'><strong>21286.</strong></span> <span class='ocrx_word' id='word_1_574' title='bbox 840 2569 880 2574; x_wconf 90' lang='grc'><strong>-</strong></span> <span class='ocrx_word' id='word_1_575' title='bbox 895 2550 1010 2582; x_wconf 79' lang='lat' dir='ltr'>Ioanni</span> <span class='ocrx_word' id='word_1_576' title='bbox 1022 2548 1169 2580; x_wconf 80' lang='lat' dir='ltr'>Minutuli</span> <span class='ocrx_word' id='word_1_577' title='bbox 1184 2548 1295 2580; x_wconf 87' lang='lat' dir='ltr'><strong>collat.</strong></span> <span class='ocrx_word' id='word_1_578' title='bbox 1313 2555 1432 2578; x_wconf 87' lang='lat' dir='ltr'><strong>canon.</strong></span> <span class='ocrx_word' id='word_1_579' title='bbox 1449 2546 1528 2577; x_wconf 86' lang='lat' dir='ltr'><strong>eccl.</strong></span> <span class='ocrx_word' id='word_1_580' title='bbox 1546 2546 1776 2585; x_wconf 86' lang='lat' dir='ltr'>Neapolitan.,</span> <span class='ocrx_word' id='word_1_581' title='bbox 1790 2545 1825 2576; x_wconf 92' lang='lat' dir='ltr'><strong>in</strong></span> <span class='ocrx_word' id='word_1_582' title='bbox 1837 2554 1903 2585; x_wconf 88' lang='lat' dir='ltr'><strong>qua</strong></span> <span class='ocrx_word' id='word_1_583' title='bbox 1916 2546 2028 2576; x_wconf 86' lang='lat' dir='ltr'>certus</span> <span class='ocrx_word' id='word_1_584' title='bbox 2040 2554 2111 2577; x_wconf 86' lang='lat' dir='ltr'><strong>can.</strong></span> <span class='ocrx_word' id='word_1_585' title='bbox 2126 2554 2240 2577; x_wconf 91' lang='lat' dir='ltr'>nume·</span> 
     </span>
     <span class='ocr_line' id='line_1_68' title="bbox 641 2598 2240 2645; baseline -0.005 -8"><span class='ocrx_word' id='word_1_586' title='bbox 641 2614 700 2637; x_wconf 91' lang='lat' dir='ltr'><strong>rus</strong></span> <span class='ocrx_word' id='word_1_587' title='bbox 714 2607 746 2637; x_wconf 89' lang='lat' dir='ltr'><strong>et</strong></span> <span class='ocrx_word' id='word_1_588' title='bbox 764 2604 866 2645; x_wconf 85' lang='lat' dir='ltr'><strong>praeb.</strong></span> <span class='ocrx_word' id='word_1_589' title='bbox 886 2603 1060 2635; x_wconf 84' lang='lat' dir='ltr'>distinctio</span> <span class='ocrx_word' id='word_1_590' title='bbox 1078 2611 1145 2633; x_wconf 91' lang='lat' dir='ltr'>non</span> <span class='ocrx_word' id='word_1_591' title='bbox 1158 2601 1345 2637; x_wconf 87' lang='lat' dir='ltr'>habentur;</span> <span class='ocrx_word' id='word_1_592' title='bbox 1371 2608 1439 2630; x_wconf 91' lang='lat' dir='ltr'>non</span> <span class='ocrx_word' id='word_1_593' title='bbox 1456 2598 1543 2631; x_wconf 86' lang='lat' dir='ltr'><strong>obst.</strong></span> <span class='ocrx_word' id='word_1_594' title='bbox 1562 2607 1590 2630; x_wconf 88' lang='lat' dir='ltr'><strong>s.</strong></span> <span class='ocrx_word' id='word_1_595' title='bbox 1613 2598 1714 2630; x_wconf 84' lang='lat' dir='ltr'>Pauli</span> <span class='ocrx_word' id='word_1_596' title='bbox 1730 2598 1770 2630; x_wconf 85' lang='lat' dir='ltr'><strong>de</strong></span> <span class='ocrx_word' id='word_1_597' title='bbox 1793 2598 1936 2638; x_wconf 81' lang='lat' dir='ltr'>CapitiS‚</span> <span class='ocrx_word' id='word_1_598' title='bbox 1954 2599 1986 2629; x_wconf 93' lang='lat' dir='ltr'><strong>et</strong></span> <span class='ocrx_word' id='word_1_599' title='bbox 2003 2606 2030 2629; x_wconf 87' lang='lat' dir='ltr'><strong>s.</strong></span> <span class='ocrx_word' id='word_1_600' title='bbox 2047 2599 2240 2630; x_wconf 81' lang='lat' dir='ltr'>Fortunatae</span> 
     </span>
     <span class='ocr_line' id='line_1_69' title="bbox 641 2650 2239 2696; baseline -0.004 -6"><span class='ocrx_word' id='word_1_601' title='bbox 641 2667 679 2690; x_wconf 87' lang='grc'><strong>30</strong></span> <span class='ocrx_word' id='word_1_602' title='bbox 697 2667 725 2689; x_wconf 88' lang='lat' dir='ltr'><strong>s.</strong></span> <span class='ocrx_word' id='word_1_603' title='bbox 743 2658 878 2689; x_wconf 86' lang='lat' dir='ltr'>Martini</span> <span class='ocrx_word' id='word_1_604' title='bbox 895 2658 936 2689; x_wconf 88' lang='lat' dir='ltr'><strong>de</strong></span> <span class='ocrx_word' id='word_1_605' title='bbox 953 2656 1147 2696; x_wconf 84' lang='lat' dir='ltr'>Arcupicto,</span> <span class='ocrx_word' id='word_1_606' title='bbox 1169 2663 1196 2686; x_wconf 82' lang='lat' dir='ltr'><strong>s,</strong></span> <span class='ocrx_word' id='word_1_607' title='bbox 1215 2653 1343 2686; x_wconf 89' lang='lat' dir='ltr'>Basilis</span> <span class='ocrx_word' id='word_1_608' title='bbox 1360 2652 1400 2684; x_wconf 89' lang='lat' dir='ltr'><strong>de</strong></span> <span class='ocrx_word' id='word_1_609' title='bbox 1426 2651 1577 2692; x_wconf 88' lang='lat' dir='ltr'>Posilipe</span> <span class='ocrx_word' id='word_1_610' title='bbox 1594 2653 1626 2683; x_wconf 91' lang='lat' dir='ltr'><strong>et</strong></span> <span class='ocrx_word' id='word_1_611' title='bbox 1643 2660 1671 2683; x_wconf 91' lang='lat' dir='ltr'><strong>s.</strong></span> <span class='ocrx_word' id='word_1_612' title='bbox 1695 2651 1811 2683; x_wconf 88' lang='lat' dir='ltr'>Severi</span> <span class='ocrx_word' id='word_1_613' title='bbox 1831 2650 1984 2682; x_wconf 85' lang='lat' dir='ltr'>ecclesiis</span> <span class='ocrx_word' id='word_1_614' title='bbox 2000 2659 2028 2681; x_wconf 89' lang='lat' dir='ltr'><strong>s.</strong></span> <span class='ocrx_word' id='word_1_615' title='bbox 2047 2659 2089 2687; x_wconf 89' lang='lat' dir='ltr'><strong>c.,</strong></span> <span class='ocrx_word' id='word_1_616' title='bbox 2108 2651 2239 2691; x_wconf 89' lang='lat' dir='ltr'>Neapo-</span> 
     </span>
     <span class='ocr_line' id='line_1_70' title="bbox 641 2703 2239 2750; baseline -0.006 -7"><span class='ocrx_word' id='word_1_617' title='bbox 641 2711 736 2743; x_wconf 85' lang='lat' dir='ltr'><strong>litan.</strong></span> <span class='ocrx_word' id='word_1_618' title='bbox 752 2711 844 2742; x_wconf 87' lang='lat' dir='ltr'><strong>civit.</strong></span> <span class='ocrx_word' id='word_1_619' title='bbox 872 2712 904 2742; x_wconf 90' lang='lat' dir='ltr'><strong>et</strong></span> <span class='ocrx_word' id='word_1_620' title='bbox 920 2710 979 2747; x_wconf 90' lang='lat' dir='ltr'><strong>di.,</strong></span> <span class='ocrx_word' id='word_1_621' title='bbox 997 2710 1049 2750; x_wconf 76' lang='lat'><strong>(40</strong></span> <span class='ocrx_word' id='word_1_622' title='bbox 1072 2709 1143 2740; x_wconf 89' lang='lat' dir='ltr'><strong>flor.</strong></span> <span class='ocrx_word' id='word_1_623' title='bbox 1168 2707 1267 2746; x_wconf 89' lang='lat' dir='ltr'><strong>auri).</strong></span> <span class='ocrx_word' id='word_1_624' title='bbox 1285 2723 1323 2729; x_wconf 95' lang='lat'>—</span> <span class='ocrx_word' id='word_1_625' title='bbox 1341 2706 1366 2737; x_wconf 95' lang='lat' dir='ltr'><strong>I.</strong></span> <span class='ocrx_word' id='word_1_626' title='bbox 1393 2714 1422 2736; x_wconf 89' lang='lat' dir='ltr'><strong>e.</strong></span> <span class='ocrx_word' id='word_1_627' title='bbox 1445 2713 1489 2736; x_wconf 91' lang='lat' dir='ltr'><strong>m.</strong></span> <span class='ocrx_word' id='word_1_628' title='bbox 1518 2713 1545 2736; x_wconf 92' lang='lat' dir='ltr'><strong>s.</strong></span> <span class='ocrx_word' id='word_1_629' title='bbox 1571 2704 1725 2736; x_wconf 88' lang='lat' dir='ltr'>Severini</span> <span class='ocrx_word' id='word_1_630' title='bbox 1746 2703 1974 2744; x_wconf 83' lang='lat' dir='ltr'>Neapolitan.,</span> <span class='ocrx_word' id='word_1_631' title='bbox 1991 2704 2024 2734; x_wconf 92' lang='lat' dir='ltr'><strong>et</strong></span> <span class='ocrx_word' id='word_1_632' title='bbox 2048 2712 2076 2734; x_wconf 88' lang='lat' dir='ltr'><strong>s.</strong></span> <span class='ocrx_word' id='word_1_633' title='bbox 2097 2703 2239 2735; x_wconf 85' lang='lat' dir='ltr'>Januari</span> 
     </span>
     <span class='ocr_line' id='line_1_71' title="bbox 641 2755 2236 2804; baseline -0.007 -7"><span class='ocrx_word' id='word_1_634' title='bbox 641 2772 745 2804; x_wconf 91' lang='lat' dir='ltr'>prope</span> <span class='ocrx_word' id='word_1_635' title='bbox 761 2763 942 2803; x_wconf 85' lang='lat' dir='ltr'>Neapolim</span> <span class='ocrx_word' id='word_1_636' title='bbox 954 2764 1100 2794; x_wconf 87' lang='lat' dir='ltr'><strong>monast.</strong></span> <span class='ocrx_word' id='word_1_637' title='bbox 1118 2761 1206 2796; x_wconf 74' lang='lat' dir='ltr'><strong>abb..</strong></span> <span class='ocrx_word' id='word_1_638' title='bbox 1224 2768 1263 2792; x_wconf 89' lang='lat' dir='ltr'><strong>ac</strong></span> <span class='ocrx_word' id='word_1_639' title='bbox 1276 2767 1364 2799; x_wconf 85' lang='lat' dir='ltr'><strong>mag.</strong></span> <span class='ocrx_word' id='word_1_640' title='bbox 1379 2757 1521 2790; x_wconf 88' lang='lat' dir='ltr'>Nicolao</span> <span class='ocrx_word' id='word_1_641' title='bbox 1539 2757 1580 2789; x_wconf 89' lang='lat' dir='ltr'><strong>de</strong></span> <span class='ocrx_word' id='word_1_642' title='bbox 1599 2757 1738 2794; x_wconf 86' lang='lat' dir='ltr'>Frattis,</span> <span class='ocrx_word' id='word_1_643' title='bbox 1754 2765 1826 2788; x_wconf 88' lang='lat' dir='ltr'><strong>can.</strong></span> <span class='ocrx_word' id='word_1_644' title='bbox 1840 2756 2028 2792; x_wconf 66' lang='lat' dir='ltr'>Patracen„</span> <span class='ocrx_word' id='word_1_645' title='bbox 2046 2755 2111 2787; x_wconf 91' lang='lat' dir='ltr'><strong>litt.</strong></span> <span class='ocrx_word' id='word_1_646' title='bbox 2130 2758 2236 2796; x_wconf 89' lang='lat' dir='ltr'><strong>apost.</strong></span> 
     </span>
     <span class='ocr_line' id='line_1_72' title="bbox 641 2812 1431 2857; baseline -0.009 -8"><span class='ocrx_word' id='word_1_647' title='bbox 641 2817 834 2849; x_wconf 84' lang='lat' dir='ltr'>correctori.</span> <span class='ocrx_word' id='word_1_648' title='bbox 850 2817 902 2857; x_wconf 83' lang='lat' dir='ltr'><strong>(A.</strong></span> <span class='ocrx_word' id='word_1_649' title='bbox 920 2818 970 2852; x_wconf 88' lang='lat'><strong>22,</strong></span> <span class='ocrx_word' id='word_1_650' title='bbox 986 2815 1008 2848; x_wconf 89' lang='lat' dir='ltr'><strong>f.</strong></span> <span class='ocrx_word' id='word_1_651' title='bbox 1026 2816 1086 2847; x_wconf 89' lang='grc'><strong>260</strong></span> <span class='ocrx_word' id='word_1_652' title='bbox 1103 2820 1130 2852; x_wconf 86' lang='grc'><strong>·;</strong></span> <span class='ocrx_word' id='word_1_653' title='bbox 1153 2813 1189 2845; x_wconf 91' lang='lat' dir='ltr'><strong>V.</strong></span> <span class='ocrx_word' id='word_1_654' title='bbox 1207 2814 1258 2849; x_wconf 90' lang='lat'><strong>78,</strong></span> <span class='ocrx_word' id='word_1_655' title='bbox 1277 2821 1329 2852; x_wconf 89' lang='lat' dir='ltr'><strong>ep.</strong></span> <span class='ocrx_word' id='word_1_656' title='bbox 1346 2812 1431 2849; x_wconf 85' lang='grc'><strong>615.)</strong></span> 
     </span>
    </p>

    <p class='ocr_par' dir='ltr' id='par_1_28' title="bbox 641 2860 2238 3015">
     <span class='ocr_line' id='line_1_73' title="bbox 685 2860 2237 2903; baseline -0.006 -2"><span class='ocrx_word' id='word_1_657' title='bbox 685 2867 827 2900; x_wconf 87' lang='grc'><strong>21287.</strong></span> <span class='ocrx_word' id='word_1_658' title='bbox 843 2886 881 2892; x_wconf 89' lang='grc'>-</span> <span class='ocrx_word' id='word_1_659' title='bbox 897 2869 1070 2900; x_wconf 81' lang='lat' dir='ltr'>Bertrando</span> <span class='ocrx_word' id='word_1_660' title='bbox 1083 2868 1120 2899; x_wconf 82' lang='lat' dir='ltr'><strong>de</strong></span> <span class='ocrx_word' id='word_1_661' title='bbox 1135 2866 1244 2903; x_wconf 79' lang='lat' dir='ltr'>Pedio,</span> <span class='ocrx_word' id='word_1_662' title='bbox 1261 2870 1334 2895; x_wconf 82' lang='lat' dir='ltr'><strong>nato</strong></span> <span class='ocrx_word' id='word_1_663' title='bbox 1352 2863 1518 2895; x_wconf 83' lang='lat' dir='ltr'>Bertrandi</span> <span class='ocrx_word' id='word_1_664' title='bbox 1533 2862 1569 2894; x_wconf 82' lang='lat' dir='ltr'><strong>de</strong></span> <span class='ocrx_word' id='word_1_665' title='bbox 1583 2863 1695 2899; x_wconf 85' lang='lat' dir='ltr'>Podio,</span> <span class='ocrx_word' id='word_1_666' title='bbox 1705 2870 1797 2902; x_wconf 89' lang='lat' dir='ltr'><strong>prov.</strong></span> <span class='ocrx_word' id='word_1_667' title='bbox 1816 2869 1933 2892; x_wconf 87' lang='lat' dir='ltr'><strong>canon.</strong></span> <span class='ocrx_word' id='word_1_668' title='bbox 1949 2860 2012 2892; x_wconf 89' lang='lat' dir='ltr'><strong>sub</strong></span> <span class='ocrx_word' id='word_1_669' title='bbox 2025 2869 2120 2901; x_wconf 88' lang='lat' dir='ltr'><strong>exsp.</strong></span> <span class='ocrx_word' id='word_1_670' title='bbox 2134 2862 2237 2901; x_wconf 85' lang='lat' dir='ltr'><strong>praeb.</strong></span> 
     </span>
     <span class='ocr_line' id='line_1_74' title="bbox 642 2913 2238 2964; baseline -0.007 -8"><span class='ocrx_word' id='word_1_671' title='bbox 642 2923 722 2955; x_wconf 87' lang='grc'><strong>0001.</strong></span> <span class='ocrx_word' id='word_1_672' title='bbox 741 2932 770 2955; x_wconf 88' lang='lat' dir='ltr'><strong>s.</strong></span> <span class='ocrx_word' id='word_1_673' title='bbox 790 2923 951 2964; x_wconf 86' lang='lat' dir='ltr'>Stephani</span> <span class='ocrx_word' id='word_1_674' title='bbox 969 2923 1009 2954; x_wconf 90' lang='lat' dir='ltr'><strong>de</strong></span> <span class='ocrx_word' id='word_1_675' title='bbox 1027 2921 1178 2953; x_wconf 88' lang='lat' dir='ltr'>Tescone</span> <span class='ocrx_word' id='word_1_676' title='bbox 1196 2917 1435 2951; x_wconf 86' lang='lat' dir='ltr'><strong>Montisalban.</strong></span> <span class='ocrx_word' id='word_1_677' title='bbox 1456 2934 1494 2940; x_wconf 90' lang='lat'>—</span> <span class='ocrx_word' id='word_1_678' title='bbox 1512 2916 1538 2947; x_wconf 95' lang='lat' dir='ltr'><strong>I.</strong></span> <span class='ocrx_word' id='word_1_679' title='bbox 1559 2924 1588 2948; x_wconf 90' lang='lat' dir='ltr'><strong>e.</strong></span> <span class='ocrx_word' id='word_1_680' title='bbox 1607 2925 1651 2948; x_wconf 90' lang='lat' dir='ltr'><strong>m.</strong></span> <span class='ocrx_word' id='word_1_681' title='bbox 1672 2916 1797 2947; x_wconf 87' lang='lat' dir='ltr'>decano</span> <span class='ocrx_word' id='word_1_682' title='bbox 1815 2914 1855 2946; x_wconf 89' lang='lat' dir='ltr'><strong>de</strong></span> <span class='ocrx_word' id='word_1_683' title='bbox 1878 2913 2041 2951; x_wconf 75' lang='lat' dir='ltr'>Cairiam,</span> <span class='ocrx_word' id='word_1_684' title='bbox 2060 2913 2238 2946; x_wconf 89' lang='lat' dir='ltr'>Caturcen.</span> 
     </span>
     <span class='ocr_line' id='line_1_75' title="bbox 641 2966 2237 3015; baseline -0.007 -6"><span class='ocrx_word' id='word_1_685' title='bbox 641 2977 701 3015; x_wconf 89' lang='lat' dir='ltr'><strong>di.,</strong></span> <span class='ocrx_word' id='word_1_686' title='bbox 721 2978 754 3008; x_wconf 89' lang='lat' dir='ltr'><strong>et</strong></span> <span class='ocrx_word' id='word_1_687' title='bbox 770 2976 892 3008; x_wconf 91' lang='lat' dir='ltr'>Pontio</span> <span class='ocrx_word' id='word_1_688' title='bbox 909 2975 1093 3012; x_wconf 88' lang='lat' dir='ltr'>Molinerii‚</span> <span class='ocrx_word' id='word_1_689' title='bbox 1114 2974 1304 3010; x_wconf 84' lang='lat' dir='ltr'>Caturcen.,</span> <span class='ocrx_word' id='word_1_690' title='bbox 1327 2980 1364 3003; x_wconf 90' lang='lat' dir='ltr'><strong>ac</strong></span> <span class='ocrx_word' id='word_1_691' title='bbox 1390 2969 1558 3009; x_wconf 84' lang='lat' dir='ltr'>Stephano</span> <span class='ocrx_word' id='word_1_692' title='bbox 1579 2968 1724 3005; x_wconf 88' lang='lat' dir='ltr'>Alberti‚</span> <span class='ocrx_word' id='word_1_693' title='bbox 1746 2967 1885 2999; x_wconf 88' lang='lat' dir='ltr'>Aurien.</span> <span class='ocrx_word' id='word_1_694' title='bbox 1911 2975 1983 2998; x_wconf 88' lang='lat' dir='ltr'><strong>can.</strong></span> <span class='ocrx_word' id='word_1_695' title='bbox 2007 2966 2087 2998; x_wconf 89' lang='grc'><strong>0001.</strong></span> <span class='ocrx_word' id='word_1_696' title='bbox 2116 2967 2168 3006; x_wconf 83' lang='grc' dir='ltr'><strong>(Α.</strong></span> <span class='ocrx_word' id='word_1_697' title='bbox 2186 2968 2237 3004; x_wconf 77' lang='grc'><strong>21,</strong></span> 
     </span>
    </p>
   </div>
   <div class='ocr_carea' id='block_1_19' title="bbox 642 3028 1100 3069">
    <p class='ocr_par' dir='ltr' id='par_1_29' title="bbox 642 3028 1100 3069">
     <span class='ocr_line' id='line_1_76' title="bbox 642 3028 1100 3069; baseline -0.007 -7"><span class='ocrx_word' id='word_1_698' title='bbox 642 3030 665 3062; x_wconf 84' lang='lat' dir='ltr'><strong>f.</strong></span> <span class='ocrx_word' id='word_1_699' title='bbox 685 3032 744 3062; x_wconf 80' lang='lat'><strong>375</strong></span> <span class='ocrx_word' id='word_1_700' title='bbox 760 3035 792 3067; x_wconf 72' lang='lat'><strong>⁸3</strong></span> <span class='ocrx_word' id='word_1_701' title='bbox 815 3029 852 3061; x_wconf 84' lang='lat' dir='ltr'><strong>V.</strong></span> <span class='ocrx_word' id='word_1_702' title='bbox 875 3031 926 3065; x_wconf 86' lang='lat'><strong>78,</strong></span> <span class='ocrx_word' id='word_1_703' title='bbox 945 3038 998 3069; x_wconf 80' lang='lat' dir='ltr'><strong>ep.</strong></span> <span class='ocrx_word' id='word_1_704' title='bbox 1014 3028 1100 3066; x_wconf 81' lang='lat'><strong>623.)</strong></span> 
     </span>
    </p>
   </div>
  </div>
 </body>
</html>
