2592 3562
254 416 360 444 Datum
381 410 566 444 Avenione.

293 675 334 704 27
348 676 415 711 jun.
435 674 523 703 1325.

313 721 344 757 (v
358 719 418 748 kal.
437 719 505 756 jul.)

356 765 386 792 T.
405 764 458 792 CL.

367 1047 405 1075 Ut
421 1055 445 1074 s.

339 1092 370 1119 T.
394 1091 473 1118 LXX.

370 1258 407 1286 Ut
427 1266 461 1286 S.—

318 1303 348 1331 Τ.
367 1303 413 1338 XI,
430 1303 503 1330 XIII.

366 1447 403 1499 Ut
423 1479 447 1499 ε.

293 1843 332 1872 28
346 1843 415 1878 jun.
435 1843 522 1872 1325.

310 1891 353 1925 (iv
368 1888 429 1916 kal.
441 1888 508 1924 jul.)

335 1933 365 1960 T.
383 1933 478 1961 XXIV.

369 2267 406 2296 Ut
425 2276 448 2296 s·

339 2312 369 2341 T.
387 2312 480 2341 XXIV.

371 2428 408 2456 Ut
429 2437 452 2456 s.

315 2472 346 2500 T.
366 2473 412 2507 XI,
429 2472 500 2500 XIII.

296 2641 337 2668 29
347 2640 413 2675 jun.
439 2640 524 2668 1325.

309 2685 356 2721 (111
370 2685 429 2713 kal.
444 2685 514 2722 jul.)

313 2729 344 2757 Τ.
364 2729 424 2764 XII,
439 2729 510 2759 XIV.

620 322 793 354 JOANNIS
817 321 934 353 PAPAE
956 322 1059 353 XXII.
1083 323 1330 362 (1316-1384).
1354 340 1392 344 —
1415 322 1600 353 LITTERAE
1624 322 1849 354 COMMUNES
2189 327 2250 358 407

652 512 777 543 modici
795 511 940 547 valoris;
960 511 1109 542 dimittat
1127 512 1238 542 autem
1253 511 1438 542 cantoriam
1455 512 1628 551 praefatam
1643 513 1672 543 si
1686 512 1798 544 benef.
1816 522 1844 544 c.
1861 522 1889 544 c.
1906 513 2101 545 obtinuerit.
2120 532 2159 537 —
2176 515 2203 546 Ι.
2220 523 2249 546 6.

652 574 697 596 111.
716 573 791 604 ep.o
816 565 1007 601 Carnoten„
1027 565 1058 594 et
1079 563 1154 595 abl).
1174 564 1288 595 saecul.
1306 564 1345 595 de
1367 564 1538 600 Secureto,
1555 565 1723 603 Anicien.‚
1740 574 1777 596 ac
1801 566 1926 597 archid.
1951 567 2149 599 Laudunen.
2167 568 2248 599 eccl.

651 618 705 658 (A.
723 619 774 656 23,
792 618 814 649 f.
831 619 890 649 454
906 622 934 655 ³3
956 617 991 648 V.
1009 619 1059 653 79,
1076 626 1128 656 ep.
1148 618 1253 655 2133.)

697 670 708 682 ³
729 668 863 699 22676.
882 688 920 693 -
948 670 1124 702 Ordinatio
1141 670 1285 701 duarum
1311 670 1402 710 dign.
1421 673 1498 710 post
1520 671 1760 711 episcopalem,
1786 672 2018 712 praepositurae
2043 673 2200 705 videficet
2217 675 2251 705 et

654 724 846 762 archidiac.,
865 732 992 755 necnon
1007 733 1029 754 x
1044 732 1129 759 can.‚
1147 723 1248 762 capit.
1266 723 1461 762 facentium,
1479 724 1513 754 in
1530 724 1611 755 eccl.
1629 733 1657 755 s.
1675 724 1847 756 Vincentii
1863 725 2056 763 Cortonen.,
2070 726 2203 766 pridem
2216 727 2252 757 in

653 777 879 808 cathedralem
902 778 1023 810 erecta,
1039 785 1114 807 cum
1134 775 1314 807 donatione
1331 778 1362 807 et
1378 776 1607 816 assignatione
1622 776 1772 816 plebium
1788 777 1821 809 S.
1839 778 1883 809 M.
1900 778 2092 817 Cortonen.‚
2112 788 2140 810 s.
2154 780 2254 811 Joan-

653 830 707 861 nis
736 830 777 861 de
809 829 960 869 Popella,
984 838 1010 860 s.
1029 829 1218 860 Mamiliani
1244 829 1284 860 de
1313 829 1474 868 cignano,
1502 838 1632 860 necnon
1661 829 1881 861 ecclesiarum
1907 830 1940 861 S.
1960 830 2006 862 M.
2025 831 2065 862 de
2093 832 2249 868 Ravetta,

654 892 680 914 s.
700 883 792 915 Petri
808 883 848 914 de
870 882 1012 914 Cellialo
1032 884 1063 913 et
1084 891 1110 913 s.
1130 881 1268 913 Martini
1282 881 1322 912 de
1338 882 1462 918 Tuoro,
1480 881 1559 913 olim
1577 882 1707 913 Aretin.
1726 884 1758 913 et
1776 882 1920 921 Clusin.,
1938 892 2025 914 nunc
2041 892 2120 915 vero
2136 884 2251 916 Corto-

653 945 730 968 nen.
746 937 805 972 di.,
824 945 884 975 pro
911 935 986 966 dote
1011 935 1158 974 praefatae
1175 934 1378 966 cathedralis
1404 934 1502 970 eccl-3
1524 932 1713 974 sequuntur
1732 935 1800 966 alia
1822 935 2053 967 ordinationes
2076 938 2108 968 et
2125 938 2252 969 statuta

655 990 807 1022 eamdem
821 989 901 1020 eccl.
920 987 1168 1020 concernentia.
1186 987 1238 1027 (A.
1253 988 1291 1018 23
1313 987 1333 1026 ¹,
1350 987 1371 1019 f.
1389 989 1448 1019 486
1469 987 1498 1024 ¹¹3
1520 987 1553 1018 V.
1566 988 1615 1024 79,
1628 996 1680 1027 ep.
1696 989 1804 1027 2277.)

697 1039 833 1072 22677.
853 1058 891 1064 -
906 1041 991 1081 Epo
1018 1039 1215 1081 Herbipolen.
1234 1040 1347 1071 mand.
1373 1041 1410 1071 ut
1426 1040 1638 1079 parochiales
1656 1040 1736 1071 eccl.
1761 1040 1795 1071 in
1811 1040 1916 1072 Cellis
1932 1042 1964 1072 et
1983 1042 2017 1072 in
2036 1041 2252 1074 Holderbach

653 1097 704 1136 (10
721 1087 847 1127 march.
875 1094 972 1134 arg.),
995 1093 1215 1134 Herbipolen.
1235 1093 1294 1131 di.,
1311 1092 1407 1124 uniat
1430 1102 1555 1124 mensae
1581 1092 1657 1124 abb.
1675 1094 1707 1124 et
1731 1102 1826 1125 conv.
1845 1096 1990 1126 monast.
2013 1094 2252 1133 Amorbacen.,

653 1149 692 1181 Ο.
708 1149 741 1180 S.
756 1149 809 1185 Β.,
824 1147 931 1188 ejusd.
949 1147 1009 1182 di.,
1026 1147 1177 1178 earumd.
1195 1146 1276 1177 eccl.
1290 1146 1524 1185 patronorum,
1540 1148 1678 1186 propter
1693 1146 1816 1178 damna
1830 1147 1880 1178 eis
1898 1156 1917 1178 a
1929 1147 2101 1179 Ludovico
2118 1148 2200 1180 duce
2212 1148 2254 1180 de

652 1202 796 1234 Bavaria
811 1202 844 1232 et
861 1200 935 1241 ejus
953 1200 1144 1231 fautoribus
1159 1199 1265 1231 illata.
1287 1199 1337 1238 (A.
1352 1201 1390 1231 23
1406 1201 1431 1239 2,
1447 1199 1470 1230 f.
1484 1201 1545 1232 520
1561 1205 1588 1236 ²3
1610 1199 1643 1230 V.
1663 1201 1712 1239 79,
1730 1208 1781 1240 ep.
1799 1201 1906 1239 2359.)

696 1252 832 1285 22678.
851 1271 888 1277 --
901 1254 1018 1286 Joanni
1030 1253 1066 1284 de
1082 1253 1277 1284 Andechiaco
1292 1252 1405 1285 collat.
1424 1261 1543 1284 canon.
1557 1252 1621 1284 sub
1635 1261 1732 1293 exsp.
1749 1253 1852 1293 praeb.
1871 1253 2000 1285 eccl.B.
2011 1254 2056 1285 M.
2070 1254 2252 1294 Nigellen.‚

651 1309 851 1341 Noviomen.
872 1308 931 1344 di.,
951 1316 1027 1339 cum
1053 1306 1259 1347 obligatione
1281 1306 1477 1337 dimittendi
1500 1305 1804 1345 semipraebendam
1829 1306 1940 1346 ipsius
1955 1307 2036 1338 eccl.
2058 1324 2096 1330 —
2113 1307 2140 1338 Ι.
2159 1315 2188 1339 e.
2204 1316 2250 1338 m.

652 1362 728 1394 abb.
754 1363 900 1393 monast.
926 1361 1084 1398 Hamen„
1108 1360 1310 1391 Noviomen.
1340 1359 1398 1395 di.,
1422 1360 1455 1390 et
1475 1359 1676 1391 Noviomen.
1705 1368 1744 1390 ac
1766 1359 1806 1391 de
1829 1360 1938 1399 Roya,
1959 1359 2161 1392 Ambianen.
2190 1360 2249 1398 di.,

651 1416 732 1447 6661.
747 1415 896 1446 decanis.
914 1414 966 1455 (A.
981 1415 1032 1450 23,
1051 1413 1074 1444 f.
1093 1415 1149 1444 521
1168 1413 1198 1450 b;
1221 1412 1255 1444 V.
1274 1415 1323 1451 79,
1339 1421 1391 1452 ep.
1412 1412 1518 1452 2362.)

696 1466 835 1498 22679.
854 1486 888 1491 -
906 1466 1069 1499 Guillelmo
1085 1466 1121 1497 de
1137 1465 1275 1507 Templo,
1288 1465 1402 1506 presb.
1417 1465 1667 1502 Carnoten.di.,
1678 1474 1751 1505 cap.
1766 1466 1798 1497 et
1812 1465 2083 1506 eleemosynario
2101 1466 2252 1498 Clemen-

651 1522 707 1554 tiae
720 1523 761 1554 R.
779 1522 831 1557 F..
846 1521 1039 1552 decernitur
1052 1520 1142 1560 quod
1157 1528 1290 1551 exnunc
1302 1519 1359 1559 jus
1374 1519 1494 1550 habeat
1510 1519 1551 1550 ad
1568 1518 1671 1558 praeb.
1691 1527 1718 1550 s.
1736 1519 1829 1550 Petri
1846 1519 1886 1550 de
1904 1527 1932 1550 s.
1946 1519 2084 1551 ,Iuliano
2101 1519 2141 1551 de
2157 1520 2254 1552 Saltu

652 1575 695 1606 ad
708 1583 808 1615 quam
826 1574 890 1605 fuit
909 1573 1105 1605 nominatus
1121 1572 1162 1604 ab
1182 1573 1254 1604 ead.
1270 1572 1386 1612 regina
1408 1572 1524 1613 vigore
1541 1572 1765 1612 quarumdam
1784 1571 1848 1603 litt.
1868 1572 1976 1612 apost.
1994 1572 2061 1612 ipsi
2077 1581 2253 1604 concessa-

653 1637 740 1667 rum,
754 1635 821 1658 non
837 1627 924 1659 obst.
935 1627 1025 1667 quod
1041 1626 1075 1657 in
1091 1626 1175 1657 eisd.
1193 1625 1319 1657 litteris
1335 1625 1393 1656 ubi
1408 1626 1488 1665 poni
1504 1624 1620 1656 debuit
1636 1634 1654 1656 «
1670 1633 1697 1655 s.
1714 1624 1808 1656 Petri
1821 1624 1861 1656 de
1877 1633 1903 1655 s.
1921 1624 2058 1656 Juliano
2072 1625 2113 1656 de
2129 1625 2251 1657 Saltu»

653 1681 804 1721 positum
821 1680 885 1711 fuit
901 1689 961 1720 per
975 1688 1124 1712 errorem
1142 1689 1157 1709 «
1175 1688 1202 1710 s.
1220 1679 1349 1710 Juliani
1369 1679 1409 1710 de
1427 1679 1522 1710 Saltu
1542 1688 1568 1714 »,
1587 1679 1725 1718 propter
1746 1678 1835 1717 quod
1857 1677 1946 1709 idem
1959 1677 2167 1709 Guillelmus
2181 1678 2253 1709 nul-

653 1735 724 1766 lum
741 1743 783 1766 ex
796 1733 992 1774 huiusmodi
1005 1733 1235 1764 nominatione
1252 1732 1465 1763 commodum
1476 1730 1673 1772 reportavit,
1685 1731 1744 1762 sed
1758 1730 1887 1762 diutius
1899 1739 2000 1770 super
2014 1731 2075 1762 hoc
2088 1730 2253 1771 litigando

653 1787 788 1819 labores
803 1787 915 1827 potius
933 1786 1011 1818 inde
1029 1786 1133 1818 subiit
1149 1787 1182 1817 et
1197 1794 1376 1825 expensas,
1395 1785 1451 1825 (V.
1469 1787 1517 1821 79,
1536 1793 1589 1824 ep.
1608 1785 1712 1822 2476.)

698 1837 836 1871 22680.
860 1858 898 1863 -
916 1839 1001 1880 Epo
1018 1839 1219 1879 Ratisponen.
1237 1839 1348 1870 mand.
1368 1839 1405 1869 ut
1420 1838 1580 1869 Petrissee
1598 1839 1682 1869 natae
1701 1837 1871 1877 quondam
1884 1836 2046 1868 Eberbini
2064 1837 2104 1868 de
2122 1837 2250 1876 Degen-

653 1893 746 1934 berg,
764 1893 835 1924 mil.
854 1893 1076 1932 Ratisponen.
1097 1892 1156 1929 di.,
1176 1900 1250 1931 quae
1264 1891 1298 1922 in
1315 1891 1462 1922 secundo
1475 1891 1585 1922 aetatis
1603 1899 1672 1921 suae
1689 1899 1776 1921 anno
1793 1890 1975 1921 constituta
1992 1898 2067 1921 cum
2083 1889 2252 1929 Stephano

653 1947 743 1979 dicto
761 1947 801 1978 de
825 1946 1046 1977 Schoenstain
1063 1945 1150 1976 laico
1171 1945 1279 1984 ejusd.
1302 1945 1361 1981 di.,
1378 1945 1523 1984 quatuor
1539 1945 1618 1975 tunc
1642 1952 1749 1974 annos
1766 1944 1894 1983 agente,
1915 1943 1955 1974 de
1974 1935 2060 1974 facto
2079 1942 2253 1982 sponsalia

653 2000 834 2038 contraxit,
855 2009 892 2031 ac
915 1999 1036 2030 deinde
1059 1999 1189 2038 septem
1216 1997 1343 2037 elapsis
1365 1997 1464 2028 annis
1486 2005 1562 2028 cum
1585 1997 1659 2028 eod.
1678 1996 1848 2036 Stephano
1869 1996 1904 2026 in
1921 1995 2005 2027 facie
2028 1995 2179 2027 ecclesiae
2194 2004 2254 2035 per

653 2053 756 2086 verba
771 2053 812 2084 de
827 2052 987 2093 praesenti
1012 2052 1160 2083 matrim.
1178 2051 1359 2087 contraxit,
1378 2059 1415 2082 ac
1438 2059 1497 2090 per
1512 2058 1615 2081 unam
1631 2051 1763 2081 noctem
1788 2058 1864 2080 cum
1878 2049 1965 2089 ipso,
1981 2048 2113 2079 duabus
2128 2048 2254 2088 puellis

654 2106 891 2147 praesentibus,
915 2105 1009 2137 nulla
1026 2105 1153 2147 carnali
1174 2104 1293 2144 copula
1318 2103 1500 2135 subsecuta
1522 2103 1696 2139 dormivit,
1723 2102 1883 2134 concedat
1904 2102 2078 2134 licentiam
2102 2101 2250 2133 matrim.

654 2169 731 2192 cum
747 2160 814 2191 alio
837 2158 1068 2194 contrahendi,
1087 2166 1164 2189 cum
1182 2157 1257 2197 ipsa
1277 2157 1319 2188 ad
1335 2157 1469 2188 aetatem
1491 2155 1643 2187 nubilem
1664 2156 1826 2195 perventa
1841 2155 1968 2186 dictum
1990 2154 2199 2194 Stephanum
2219 2154 2255 2185 in

653 2214 766 2245 virum
783 2221 884 2244 suum
899 2211 1022 2243 habere
1037 2211 1256 2243 recusaverit.
1273 2210 1326 2251 (A.
1345 2211 1396 2248 23,
1416 2210 1440 2241 f.
1467 2210 1525 2241 154
1538 2215 1566 2246 εὶ;
1590 2203 1626 2240 V.
1644 2211 1694 2246 79,
1713 2217 1765 2248 ep.
1786 2210 1888 2246 ¹576.)

698 2263 836 2296 22681.
853 2284 890 2289 —
908 2264 1064 2295 Friderico
1082 2264 1119 2295 de
1135 2263 1318 2304 Lenqosvelt
1333 2268 1362 2294 et
1380 2262 1576 2304 Cunequndi,
1596 2261 1694 2293 vz'duae
1710 2261 1823 2303 quand.
1844 2260 1972 2301 Sifiridi
1985 2260 2021 2292 de
2044 2259 2170 2296 Wildin‚
2190 2259 2255 2290 Μα-

653 2321 778 2361 9untin.
801 2319 858 2357 di.,
883 2319 1034 2359 dispens.
1054 2326 1157 2358 super
1173 2322 1226 2348 111θ
1240 2319 1272 2349 et
1286 2321 1333 2348 1v⁶
1347 2317 1440 2348 affin.
1459 2316 1621 2357 gradibus
1635 2316 1671 2346 in
1689 2315 1839 2347 matrim.
1853 2315 1923 2354 jam
1938 2315 2121 2346 contracto.
2135 2313 2189 2354 (A.
2203 2314 2253 2350 23,

655 2374 678 2406 f.
695 2375 755 2405 238
772 2378 800 2411 ⁸3
821 2372 856 2404 V.
875 2373 927 2409 79,
943 2381 996 2412 ep.
1015 2373 1120 2409 1586.)

699 2423 833 2456 22682.
849 2444 887 2449 -
900 2425 1017 2457 Joanm'
1033 2424 1169 2456 Conradi
1181 2424 1217 2455 de
1232 2434 1256 2455 s.
1278 2423 1379 2462 Gallo,
1393 2423 1473 2455 cler.
1491 2422 1726 2454 Constantien.
1745 2422 1803 2457 di.,
1821 2421 1930 2462 gratia
1943 2429 2039 2460 exsp.
2057 2419 2169 2451 benef.
2187 2428 2214 2451 6.
2226 2428 2252 2450 c.

654 2481 709 2512 vel
725 2489 753 2511 s.
771 2489 800 2511 c.
819 2480 861 2511 ad
878 2479 991 2511 collat.
1009 2478 1086 2510 abb.
1104 2479 1136 2510 et
1153 2486 1249 2509 conv,
1265 2478 1408 2509 monast.
1425 2485 1453 2507 S.
1470 2475 1578 2508 Blasii
1592 2476 1628 2507 in
1641 2475 1850 2516 Nigrasilva,
1868 2474 1907 2506 O.
1924 2474 1957 2506 S.
1976 2475 2027 2512 Β.,
2043 2473 2139 2504 dictae
2155 2472 2201 2503 di.
2219 2490 2256 2495 —

655 2535 681 2566 1.
699 2543 727 2566 e.
744 2542 789 2565 m.
808 2541 911 2573 praep.
930 2532 1142 2569 Solodoren.‚
1160 2531 1353 2562 Lausanen.
1371 2530 1430 2568 di.,
1446 2530 1479 2561 et
1493 2529 1642 2562 thesaur.
1659 2538 1696 2560 ac
1711 2527 1840 2560 cantori
1857 2527 2019 2560 Basilien.
2039 2526 2119 2558 eccl.
2138 2525 2191 2566 (A.
2203 2526 2252 2563 23,

655 2588 677 2620 f.
693 2589 753 2618 257
771 2586 801 2624 b;
822 2586 858 2618 V.
879 2587 930 2624 79,
950 2594 1003 2626 ep.
1022 2585 1128 2624 1782.)

700 2637 838 2671 22683.
856 2657 893 2663 -
910 2639 999 2670 Petro
1014 2643 1086 2669 nato
1102 2637 1284 2670 Jolzannetti
1300 2637 1337 2668 de
1359 2636 1465 2678 Capis,
1483 2645 1556 2668 can.
1572 2636 1786 2672 Laudunen.,
1803 2634 1925 2665 indult.
1939 2631 2147 2673 percipiendi
2165 2630 2252 2662 fruc-

655 2695 712 2726 tus
725 2693 836 2726 benef.
855 2701 995 2725 suorum
1018 2691 1146 2733 absque
1165 2691 1350 2723 residentia
1365 2690 1407 2722 ad
1430 2690 1618 2722 triennium
1635 2697 1738 2721 causa
1755 2687 1870 2719 studii.
1886 2704 1923 2709 -
1939 2686 1966 2717 Ι.
1985 2693 2014 2716 6.
2034 2693 2077 2715 m.
2094 2683 2168 2715 abb.
2186 2691 2255 2714 mo-

656 2749 743 2780 nast.
767 2756 795 2779 s.
811 2745 1001 2782 Genovefae,
1020 2746 1054 2777 et
1072 2745 1211 2786 majoris
1231 2744 1414 2782 Parisien.,
1441 2752 1478 2775 ac
1499 2743 1537 2775 B.
1555 2743 1600 2774 M.
1619 2742 1723 2774 Medii
1747 2739 1946 2773 monasterii
1968 2737 2151 2770 Bituricen.
2173 2735 2252 2768 eccl.

656 2801 805 2834 decanis.
823 2800 876 2840 (A.
891 2801 941 2838 23,
964 2799 987 2831 f.
1003 2801 1064 2831 413
1078 2799 1109 2836 b,
1128 2798 1165 2830 V.
1182 2800 1232 2836 79,
1249 2806 1301 2838 ep.
1320 2798 1428 2836 2044.)

690 2927 712 2951 1.
729 2925 802 2952 Vide
815 2925 1030 2951 annotationem
1049 2924 1071 2953 1,
1085 2930 1113 2955 p.
1132 2923 1190 2948 411.

688 2971 712 2996 2.
725 2971 759 2996 In
775 2970 904 3002 margIne
920 2969 952 2995 R.
969 2970 1002 2995 A.
1021 2968 1130 3000 legitur
1150 2975 1155 2992 :
1171 2977 1183 2990 n
1199 2967 1307 2993 cassata
1324 2965 1355 2990 de
1373 2964 1463 2991 mand.
1480 2964 1538 2989 dmi
1553 2962 1635 2988 nostri
1647 2962 1718 2993 Pape
1736 2968 1759 2987 ».
