2592 3562
248 461 352 488 Datum
373 454 557 488 Avenione.

257 667 270 693 Ι
286 665 369 701 (kal.)
384 673 447 693 nov.
465 664 553 692 1324.

313 711 344 738 T.
361 711 408 744 XI,
424 710 495 737 XIII.

365 824 401 853 Ut
418 833 442 852 s.

339 869 371 896 T.
392 868 473 897 XXX.

365 1250 400 1278 Ut
420 1259 444 1278 s.

314 1296 345 1323 T.
361 1296 407 1330 XI,
425 1295 496 1323 XIII.

366 1463 402 1491 Ut
416 1472 440 1490 s.

311 1507 342 1534 Τ.
363 1507 410 1541 xl,
428 1507 500 1535 xm.

367 1676 404 1704 Ut
420 1685 444 1703 s.

310 1721 341 1750 T.
358 1721 404 1755 XI,
421 1720 491 1749 XIII.

368 1782 402 1810 Ut
416 1790 439 1809 s.

258 1826 289 1855 T.
308 1826 345 1854 XI
360 1826 403 1861 ¹l2‚
423 1826 486 1853 XIII
506 1827 547 1859 ¹l2.

226 2047 303 2084 2(1v
317 2047 396 2080 non.)
411 2055 473 2075 nov.
491 2047 580 2076 1324.

282 2126 288 2129 ,
332 2093 363 2120 τ.
384 2093 477 2120 xx1v.

368 2207 403 2235 Ut
423 2215 447 2235 s.

312 2252 342 2278 T.
360 2252 406 2286 XI,
426 2252 497 2279 XIII.

368 2419 404 2447 Ut
424 2428 447 2447 s.

332 2465 363 2492 T.
385 2464 480 2492 XXIV.

369 2580 404 2608 Ut
423 2588 447 2608 s.

313 2624 343 2652 T.
361 2624 407 2658 XI,
423 2624 495 2652 XIII.

361 2846 398 2874 Ut
420 2854 444 2873 s.

315 2889 347 2917 T.
368 2890 414 2924 XI,
429 2889 500 2918 XIII.

615 364 788 396 JOANNIS
812 363 930 394 PAPAE
952 363 1053 394 XXII.
1077 364 1327 403 (1316-1334).
1345 381 1384 386 —
1406 364 1591 395 LITTERAE
1614 364 1838 396 COMMUNES
2179 369 2240 399 249

643 557 683 589 de
698 557 828 588 Bollate
843 557 876 587 et
892 556 932 587 de
957 556 1140 592 Barzanoe,
1164 554 1391 586 Mediolanen.
1412 555 1472 592 di.,
1491 564 1607 595 praep,
1625 564 1662 586 ac
1681 556 1806 587 Bosolo
1821 557 1861 588 de
1876 557 2010 595 Parma,
2027 566 2098 588 can.
2115 558 2240 589 Torna-

643 619 716 642 cen.
735 609 816 641 eccl.
833 609 885 649 (A.
901 610 951 643 22,
968 608 990 639 f.
1007 609 1066 639 269
1081 608 1109 644 b3
1131 608 1167 639 V.
1188 609 1238 642 78,
1257 616 1309 647 ep.
1330 609 1414 646 352.)

662 652 665 655 Ι
689 660 824 692 20942.
843 680 880 685 -
904 660 1027 698 Porolo,
1045 666 1117 691 nato
1136 661 1248 701 quoad.
1270 660 1433 691 Guicclzini
1454 660 1592 691 Cavaziae
1613 661 1649 691 de
1668 661 1831 699 Modoetia,
1851 662 1968 694 eadem
1984 664 2092 703 gratia
2107 664 2142 695 in
2159 664 2238 695 eccl.

644 716 860 753 Modoetien.,
875 714 1100 747 Mediolanen.
1121 714 1166 745 di.
1183 730 1221 735 —-
1236 714 1262 744 I.
1278 722 1307 744 e.
1325 722 1369 744 m.
1388 714 1428 745 de
1448 714 1565 751 Desio,
1585 714 1625 745 de
1641 714 1773 746 Bollate
1794 716 1827 746 et
1841 715 1882 746 de
1897 716 2058 754 Barzano,
2078 717 2242 749 Mediola-

645 778 721 801 nen.
739 769 799 806 di.,
819 768 900 800 eccl.
918 767 1123 808 praepositis.
1142 767 1196 806 (A.
1214 768 1264 804 22,
1284 766 1306 797 f.
1324 768 1383 798 270
1397 772 1427 802 ²3
1451 766 1483 796 V.
1502 768 1552 802 78,
1569 775 1621 806 ep.
1638 769 1722 806 353.)

689 819 827 852 20943.
851 839 889 844 —
912 820 1017 851 Priori
1035 819 1226 862 provinciali
1248 819 1285 849 F.
1314 819 1349 850 O.
1374 819 1411 849 P.
1435 819 1468 849 in
1489 819 1624 850 Francia
1644 820 1756 851 mand.
1778 822 1815 851 ut
1834 820 1931 860 juxta
1950 822 2084 853 constit.
2106 823 2239 855 Nicolai

645 876 746 916 Papae
759 876 804 907 IV
818 883 920 906 unam
936 874 976 905 de
993 873 1162 914 personis,
1180 882 1265 913 quas
1285 873 1378 912 prior
1404 873 1626 912 provincialis
1643 873 1723 904 dicti
1745 873 1815 904 ord.
1833 874 1867 904 in
1883 875 2057 913 provincia
2079 876 2237 908 Tolosan.

646 930 677 961 ei
694 928 831 960 duxerit
856 927 1093 964 nominandas,
1112 926 1154 958 ad
1174 927 1228 958 off.
1254 926 1488 966 inquisitionis
1505 926 1731 957 exercendum
1747 926 1782 956 in
1798 927 1971 966 provincia
1987 928 2125 967 praefata
2142 930 2242 969 atque

645 983 681 1014 in
696 990 798 1022 regno
816 981 967 1013 Franciae
989 980 1138 1020 deputet,
1160 980 1240 1011 licet
1261 979 1295 1009 in
1313 979 1464 1019 generali
1482 979 1582 1018 capit.
1601 979 1708 1019 ejusd.
1727 979 1813 1017 ord„
1837 980 1927 1019 apud
1946 980 2138 1012 Bisuntium
2159 982 2243 1014 cele-

645 1035 754 1071 nram,
771 1043 831 1075 per
847 1042 934 1074 mag.
952 1033 1144 1074 generalem
1169 1034 1201 1064 et
1217 1032 1422 1063 diffinitores
1438 1032 1614 1072 provincia
1628 1032 1816 1063 Provinciae
1835 1032 1869 1063 in
1888 1033 1972 1064 duas
1990 1034 2182 1074 provincias
2198 1035 2242 1066 sit

646 1088 768 1123 divisa,
785 1095 928 1127 quarum
939 1087 1046 1118 altera
1059 1086 1297 1117 denominatur
1310 1085 1486 1125 provincia
1497 1085 1656 1116 Tolosan.
1665 1109 1673 1122 ,
1687 1085 1722 1116 in
1735 1094 1802 1125 qua
1817 1086 2026 1118 Carcassona
2038 1087 2241 1126 continetur,

647 1141 706 1173 ubi
720 1149 809 1172 unus
834 1139 1017 1180 inquisitor
1037 1138 1138 1170 habet
1155 1138 1368 1170 mansionem
1385 1139 1417 1170 et
1433 1146 1584 1169 carceres
1606 1146 1667 1177 pro
1684 1138 1919 1170 haereticorum
1939 1139 2104 1171 custodia.
2123 1140 2175 1178 (A.
2191 1142 2241 1176 22,

648 1195 671 1226 f.
689 1196 748 1226 359
767 1194 796 1230 b;
821 1193 853 1224 V.
870 1194 919 1228 78.
938 1201 991 1232 ep.
1009 1192 1096 1232 542.)

693 1244 828 1277 20944.
855 1264 895 1270 ——
920 1246 1106 1277 Marchisino
1134 1250 1208 1276 nato
1233 1244 1416 1276 Baldesarri
1438 1244 1524 1275 Vacae
1549 1244 1687 1276 collatio
1710 1253 1827 1276 canon.
1850 1245 1932 1276 eccl.
1951 1254 1979 1276 s.
2001 1254 2028 1276 s.
2047 1246 2195 1277 Protasii
2210 1248 2243 1279 et

646 1301 803 1334 Gervasii
820 1301 861 1331 de
877 1300 1036 1336 Sundrio,
1050 1300 1193 1331 Cuman.
1210 1298 1269 1336 di.,
1286 1298 1350 1330 sub
1367 1306 1463 1338 exsp.
1480 1297 1584 1338 praeb.
1602 1316 1639 1320 —
1652 1298 1680 1329 I.
1693 1306 1721 1329 e.
1736 1306 1780 1329 m.
1801 1297 1877 1330 abb.
1893 1300 2037 1330 monast.
2058 1307 2085 1330 s.
2103 1299 2244 1337 Juliani,

647 1355 680 1386 et
693 1353 833 1394 majoris
849 1353 1004 1388 Cuman.,
1022 1361 1060 1384 ac
1075 1352 1292 1390 Modoetien.,
1309 1351 1534 1383 Mediolanen.
1558 1351 1618 1388 di.,
1638 1350 1818 1391 archipr.is
1836 1351 1916 1382 eccl.
1937 1351 1989 1391 (A.
2008 1353 2060 1389 22,
2086 1352 2109 1383 f.
2132 1353 2192 1384 502
2209 1358 2222 1374 ²
2233 1362 2242 1390 ;

652 1407 688 1439 V.
705 1408 755 1444 78,
774 1415 827 1447 ep.
848 1408 951 1445 1016.)

692 1457 827 1490 20945.
846 1476 886 1483 --
902 1459 1048 1490 Adoardo
1082 1458 1166 1489 Vacae
1181 1467 1277 1498 prov.
1295 1466 1413 1489 canon.
1431 1457 1512 1489 eccl.
1537 1466 1565 1488 s.
1583 1457 1745 1497 Stephani
1764 1458 1805 1489 de
1822 1458 1919 1492 Fino,
1936 1458 2077 1490 Cuman.
2097 1460 2157 1496 di.,
2181 1459 2245 1490 sub

647 1523 743 1554 exsp.
759 1513 880 1554 praeb.;
899 1521 966 1544 non
984 1512 1071 1544 obst.
1090 1520 1209 1543 canon.
1231 1513 1264 1543 et
1278 1510 1381 1551 praeb.
1399 1511 1481 1542 eccl.
1502 1511 1543 1542 de
1563 1511 1668 1547 Leno,
1684 1510 1781 1542 dictae
1797 1511 1843 1542 di.
1866 1528 1905 1534 —-
1922 1511 1949 1543 Ι.
1966 1520 1996 1543 6.
2014 1521 2060 1543 m.
2079 1512 2154 1543 abb.
2174 1521 2245 1545 mo·

647 1569 734 1599 nast.
749 1567 789 1598 de
807 1575 834 1597 s.
852 1566 1000 1603 Juliano,
1020 1566 1052 1597 et
1068 1565 1284 1600 Modoetien„
1302 1565 1443 1596 Cuman.
1461 1565 1493 1595 et
1508 1564 1738 1595 Mediolanen.
1754 1564 1813 1599 di.,
1833 1573 1870 1595 ac
1887 1564 2029 1596 Cuman.
2041 1566 2121 1597 eccl.
2138 1566 2246 1597 archi-

647 1621 743 1661 pr.is.
764 1621 814 1660 (A.
829 1621 879 1657 22,
897 1620 917 1649 f.
936 1620 996 1651 470
1011 1618 1040 1655 b;
1063 1618 1099 1650 V.
1119 1620 1168 1656 78,
1186 1627 1239 1657 ep.
1262 1618 1368 1657 1020.)

692 1670 827 1702 20946.
848 1690 885 1695 -
899 1672 1054 1703 Joannolo
1076 1675 1150 1702 nato
1175 1671 1336 1702 Marchisii
1361 1671 1449 1702 Vacae
1462 1671 1578 1702 eadem
1595 1670 1704 1710 gratia
1718 1671 1753 1701 in
1773 1671 1853 1702 eccl.
1876 1679 1903 1702 s.
1926 1671 2101 1703 Laurentii
2120 1672 2161 1704 de
2178 1673 2246 1704 Lu-

647 1736 744 1768 gano,
758 1727 899 1758 Cuman.
916 1725 961 1756 di.
979 1743 1018 1748 —
1036 1725 1058 1756 l.
1075 1733 1104 1756 e.
1120 1733 1165 1755 m.
1182 1726 1219 1756 ut
1234 1733 1261 1755 s.
1280 1725 1331 1762 (A.
1348 1725 1398 1759 22,
1419 1724 1442 1754 f.
1455 1725 1516 1755 470
1534 1723 1564 1760 ¹³3
1588 1723 1623 1755 V.
1642 1725 1692 1761 78,
1713 1732 1765 1764 ep.
1788 1724 1892 1764 1021.)

692 1776 827 1809 20947.
841 1796 879 1801 -
895 1778 991 1809 Leoni
1016 1778 1101 1808 Vacae
1118 1777 1254 1809 collatio
1271 1785 1388 1808 canon.
1405 1777 1469 1808 sub
1485 1785 1581 1816 exsp.
1604 1776 1708 1816 praeb.
1730 1777 1811 1808 eccl.
1830 1785 1858 1808 s,
1876 1777 2041 1809 Eufemiae
2058 1778 2098 1809 de
2117 1778 2244 1816 Insula,

646 1833 788 1865 Cuman.
812 1832 876 1868 di.;
893 1840 959 1863 non
979 1831 1066 1863 obst.
1085 1830 1294 1870 archipresb.
1321 1830 1401 1861 eccl.
1426 1831 1466 1861 de
1494 1831 1597 1865 Leno,
1627 1830 1767 1862 Cuman.
1794 1830 1853 1868 di.,
1872 1831 1904 1862 et
1928 1839 2046 1862 canon.
2068 1831 2131 1862 sub
2148 1840 2244 1872 exsp.

646 1886 749 1926 praeb.
766 1885 846 1917 eccl.
863 1894 890 1916 s.
908 1885 1070 1924 Stephani
1086 1884 1126 1915 de
1144 1884 1242 1918 Fino,
1262 1883 1414 1924 ejusdem
1433 1883 1491 1921 di.,
1510 1883 1577 1922 ipsi
1593 1891 1653 1922 per
1668 1883 1893 1914 Bertrandum
1910 1892 1937 1914 s.
1957 1884 2109 1915 Marcelli
2131 1884 2244 1924 presb.

646 1939 750 1976 card,
775 1941 853 1971 tunc
873 1938 908 1969 in
925 1937 1080 1979 partibus
1096 1937 1168 1968 illis
1186 1937 1226 1968 A.
1244 1937 1277 1968 S.
1297 1937 1458 1976 legatum,
1475 1936 1620 1967 collatis.
1640 1953 1677 1958 —
1695 1937 1719 1966 Ι.
1739 1945 1767 1967 6.
1785 1945 1829 1967 m.
1847 1938 1884 1968 ut
1903 1945 1930 1968 s.
1955 1937 2009 1977 (A.
2028 1938 2079 1973 22,
2103 1937 2125 1968 f.
2143 1940 2202 1970 545
2217 1944 2245 1976 ὃς

652 1992 685 2023 V.
702 1993 751 2029 78,
769 2001 821 2032 ep.
838 1991 942 2032 1022.)

690 2042 826 2074 20948.
845 2061 883 2067 -
898 2044 938 2076 Ν.
956 2054 995 2074 m.
1014 2043 1136 2074 Matildi
1159 2043 1317 2074 comitissae
1333 2042 1511 2074 Atrebaten.
1534 2042 1728 2082 indulgetur
1754 2043 1790 2074 ut
1810 2051 1892 2074 suus
1917 2042 2091 2075 confessor
2111 2044 2247 2084 plenam

646 2099 678 2131 ei
690 2099 797 2131 semel
812 2099 848 2130 in
862 2098 984 2129 mortis
1000 2097 1143 2129 articulo
1158 2097 1397 2128 remissionem
1413 2097 1628 2136 peccatorum
1643 2096 1824 2127 concedere
1840 2096 1960 2128 valeat.
1977 2097 2031 2137 (A.
2047 2099 2096 2135 22,
2117 2097 2139 2128 f.
2157 2100 2194 2130 91
2212 2098 2226 2120 ¹·
2236 2108 2246 2134 ;

653 2152 685 2184 V.
702 2154 753 2190 78,
771 2161 825 2192 ep.
842 2153 927 2190 223.)

691 2202 827 2235 20949.
844 2223 883 2228 -
899 2203 1088 2236 Gundisalvo
1101 2203 1199 2234 Nunii
1214 2212 1309 2243 prov.
1325 2211 1442 2234 canon.
1456 2202 1539 2234 eccl.
1557 2202 1703 2234 Abulen.
1716 2202 1779 2233 sub
1793 2211 1887 2243 exsp.
1901 2202 2003 2243 praeb.
2023 2212 2099 2235 cum
2115 2205 2244 2244 praesti-

646 2259 784 2296 moniis,
802 2258 931 2290 consid.
949 2257 1127 2290 Guillelmi
1145 2257 1214 2296 ep.i
1231 2256 1389 2288 Sabinen.
1401 2266 1411 2292 ;
1434 2264 1501 2287 non
1520 2255 1607 2287 obst.
1626 2256 1660 2286 in
1677 2255 1757 2287 eccl.
1778 2256 1956 2296 Segobien.
1974 2265 2104 2293 canon„
2130 2257 2245 2297 praeb.‚

647 2312 840 2346 archidiac.,
862 2310 1106 2351 praestimoniis
1130 2311 1163 2341 et
1186 2309 1509 2350 praestimonialibus
1532 2308 1758 2349 portionibus.
1782 2327 1820 2332 —
1843 2309 1869 2341 Ι.
1894 2318 1923 2341 6.
1945 2318 1991 2340 m.
2011 2310 2188 2350 Segobien.
2215 2312 2248 2342 et

647 2365 793 2397 Abulen.
810 2364 960 2400 decanis,
977 2372 1014 2395 ac
1029 2363 1155 2395 archid.
1173 2363 1342 2395 AlniSIen.
1354 2363 1566 2394 Xanctonen.
1581 2362 1661 2393 eccl.
1679 2363 1730 2400 (A.
1744 2363 1794 2400 22,
1811 2362 1835 2393 f.
1852 2364 1907 2394 201
1926 2368 1954 2399 ³3
1974 2362 2006 2393 V.
2023 2365 2072 2401 78,
2090 2372 2142 2404 ep.
2158 2365 2244 2402 287.)

692 2415 827 2447 20950.
847 2435 886 2440 -
899 2417 940 2447 Ν.
960 2427 988 2448 υ.
1007 2415 1168 2447 Boi-leardo
1182 2416 1289 2446 comiti
1309 2414 1521 2453 Vindocinen„
1543 2415 1710 2446 Carnoten.
1731 2415 1787 2453 di.,
1809 2415 2004 2456 indulgetur
2017 2417 2054 2448 ut
2073 2417 2247 2449 confessor

647 2480 731 2503 suus
746 2471 852 2503 semel
865 2471 933 2511 ipsi
945 2471 979 2502 in
995 2469 1115 2502 mortis
1125 2469 1267 2500 articulo
1280 2469 1416 2509 plenam
1432 2470 1646 2509 peccatorum
1663 2477 1803 2501 suorum
1818 2469 2055 2501 remissionem
2066 2470 2247 2502 concedere

647 2523 768 2557 valeat.
787 2525 840 2564 (Α.
859 2525 910 2562 22,
932 2523 957 2555 f.
971 2524 1032 2555 208
1046 2523 1076 2559 ¹’;
1100 2522 1131 2554 V.
1149 2523 1199 2561 78,
1217 2531 1269 2562 ep.
1287 2522 1373 2560 297.)

692 2575 829 2608 20951.
848 2595 886 2601 -
908 2576 1070 2608 Guillelmo
1086 2576 1123 2607 de
1137 2575 1292 2607 Belloloco
1308 2584 1402 2615 prov.
1421 2583 1538 2607 canon.
1562 2575 1642 2607 eccl.
1663 2575 1807 2607 Ilerden.
1831 2575 1894 2607 sub
1919 2584 2015 2616 exsp.
2040 2576 2160 2616 praeb.;
2179 2585 2246 2608 non

648 2632 735 2664 obst.
753 2632 788 2663 in
806 2631 887 2663 ecel.
907 2630 1153 2662 Barchinonen.
1182 2638 1299 2661 canon.
1324 2628 1388 2660 sub
1414 2637 1512 2668 exsp.
1543 2629 1788 2669 praepositurae,
1811 2630 1844 2660 et
1871 2628 2050 2668 praebenda
2067 2629 2107 2660 de
2129 2630 2245 2669 quain

646 2686 799 2718 Romana
815 2685 909 2716 curia
923 2684 1046 2724 litigat.
1065 2700 1104 2706 —
1117 2684 1144 2715 Ι.
1167 2692 1196 2714 6.
1213 2691 1259 2714 m.
1278 2682 1385 2723 priori
1401 2682 1441 2713 de
1458 2681 1579 2722 Frage,
1598 2682 1743 2714 ilerden.
1761 2682 1820 2719 di.,
1837 2682 1869 2713 et
1885 2681 2011 2713 archid.
2031 2682 2196 2722 Urgelleti
2213 2684 2245 2714 et

647 2738 912 2771 Vallisandorrae
921 2737 1153 2778 Urgellen.‚ac
1164 2736 1301 2777 Hugoni
1315 2735 1355 2767 de
1364 2735 1609 2772 Cardona‚can.
1625 2735 1868 2767 Barchinonen.
1887 2735 1966 2766 eccl.
1977 2734 2030 2775 (A.
2044 2736 2094 2773 21,
2107 2734 2130 2765 f.
2145 2736 2226 2766 222³
2233 2745 2243 2772 ;

652 2791 688 2824 V.
706 2793 756 2828 78,
774 2800 827 2831 ep.
846 2790 933 2830 387.)

692 2841 826 2874 20952.
846 2863 884 2868 -
906 2844 1060 2875 Vincentio
1077 2843 1113 2874 de
1134 2842 1317 2884 Valrequier
1331 2851 1426 2883 prov.
1445 2851 1563 2874 canon.
1580 2842 1662 2873 eccl.
1678 2841 1908 2873 Constantien.
1928 2839 1991 2872 sub
2009 2849 2105 2880 exsp.
2121 2840 2243 2880 praeb.;

647 2906 715 2929 non
733 2897 819 2929 obst.
837 2906 955 2929 canon.
977 2896 1040 2928 sub
1058 2905 1155 2936 exsp.
1179 2895 1282 2936 praeb.
1303 2895 1383 2927 eccl.
1410 2895 1628 2927 Catalaunen.
1657 2911 1695 2918 —
1715 2894 1741 2925 Ι.
1759 2902 1788 2926 e.
1818 2902 1862 2925 m.
1882 2893 2031 2933 prioris.
2051 2892 2187 2924 Martini
2203 2894 2244 2925 de

649 2951 787 2991 Campis
800 2951 899 2991 Juxta
913 2950 1081 2987 Parisius,
1101 2951 1133 2981 et
1151 2949 1332 2986 Parisien.,
1347 2957 1384 2980 ac
1405 2948 1445 2980 de
1461 2948 1641 2980 Belvacino
1656 2947 1831 2979 Belvacen.
1847 2945 2007 2978 archid.is
2024 2946 2102 2977 eccl.
2123 2946 2175 2984 (A.
2191 2948 2240 2983 22,

649 3004 671 3035 f.
690 3006 749 3036 346
762 3009 794 3042 ·;
815 3003 846 3036 V.
865 3005 916 3042 78,
934 3012 986 3044 ep.
1011 3004 1096 3042 755.)
