2592 3562
360 310 421 340 224

389 396 495 423 Datum
518 386 700 422 Avenione.

392 496 428 524 43
447 495 510 532 (id.)
524 497 592 529 sept.
613 490 699 519 1324.

469 538 500 566 T.
522 536 615 565 XXIV.

508 599 539 626 Ut
560 607 582 625 s.

401 645 431 671 Τ.
448 644 483 671 XI
503 645 544 677 ¹l2,
565 642 625 669 XIII
641 642 682 674 ¹l2·

501 810 538 839 Ut
557 818 581 838 s.

459 857 489 883 T.
510 855 625 883 XXXVI.

501 1235 538 1264 Ut
556 1243 580 1263 s.

451 1281 481 1308 T.
499 1281 544 1315 xi,
559 1279 632 1307 xm.

504 1395 540 1423 Ut
561 1403 584 1422 s.

448 1440 478 1467 Τ.
500 1439 546 1474 XI,
561 1439 632 1466 XIll.

500 1500 535 1529 Ut
555 1509 578 1529 a.

471 1544 501 1571 T.
523 1544 602 1571 XXX.

500 1924 536 1952 Ut
551 1933 576 1952 s.

434 1969 464 1996 T.
484 1969 554 2003 XIV,
570 1969 640 1996 XVI.

498 2453 535 2481 Ut
553 2461 576 2481 ε.

458 2497 489 2524 Τ.
506 2497 539 2531 X,
558 2497 616 2524 Xll.

496 2559 533 2587 Ut
547 2568 571 2587 ε.

447 2604 477 2631 T.
495 2604 542 2638 XI,
557 2604 628 2631 XIII.

504 2825 537 2853 Ut
557 2834 580 2853 s.

444 2869 474 2896 T.
496 2869 542 2903 XI,
565 2869 636 2897 XIII.

756 298 932 331 JOANNIS
956 297 1074 329 PAPAE
1097 296 1199 328 XXII.
1223 296 1473 335 (1816-1334).
1495 312 1534 319 —
1557 294 1743 325 LITTERAE
1766 293 1992 325 COMMUNES

832 484 967 516 20652.
985 504 1019 510 -
1035 486 1152 526 Aqneci
1167 485 1292 516 ducissae
1306 484 1415 516 Sleziae
1431 485 1626 525 indulgetur
1649 484 1752 516 idem.
1772 484 1824 523 (A.
1842 486 1893 522 22,
1910 483 1933 515 f.
1951 485 2010 516 103
2025 489 2058 520 ⁸;
2080 484 2116 516 V.
2141 485 2192 520 78,
2208 492 2260 525 ep.
2283 485 2349 522 24.)

829 590 965 622 20653.
984 609 1021 614 -
1037 591 1131 621 Petro
1148 590 1301 622 Herbordi
1316 599 1410 630 prov.
1430 598 1547 621 canon.
1566 589 1629 620 sub
1647 597 1743 629 exsp.
1760 588 1864 629 praeb.
1893 589 1974 621 eccl.
1997 589 2255 631 Wissegraden.
2284 598 2389 631 prope

784 647 939 686 Pragam,
956 645 1085 676 consid.
1102 643 1312 680 Helisabeth,
1331 643 1441 674 viduae
1467 643 1510 674 cl.
1534 651 1600 674 me.
1621 642 1818 674 Wenceslai
1839 643 1930 683 regis
1949 642 2130 680 Bohemiae,
2157 643 2253 684 cujus
2271 643 2389 675 existit

783 708 874 739 cap.;
892 707 958 730 non
978 697 1064 729 obst.
1083 697 1216 737 paroch.
1233 696 1313 728 eccl.
1333 696 1368 727 in
1384 695 1508 733 Politz,
1525 696 1668 736 Pragen.
1685 695 1731 726 di.
1748 713 1788 719 —
1804 696 1843 727 In
1860 704 1890 727 e.
1908 705 1954 728 m.
1970 697 2008 727 ut
2024 704 2067 733 s.,
2082 705 2114 727 n.
2133 697 2244 729 20649.
2263 697 2316 737 (Α.
2335 698 2387 733 22,

783 752 806 783 f.
822 754 862 784 63
876 757 906 789 ·;
932 751 967 782 V.
983 752 1032 788 78,
1049 759 1100 789 ep.
1120 749 1186 790 27.)

827 802 963 835 20651.
977 821 1014 826 -
1027 803 1112 844 Epo
1124 802 1356 834 Barchinonen.
1367 802 1482 833 mand.
1499 803 1536 833 ut
1551 801 1707 833 absolvat
1717 801 1758 833 ab
1773 810 1904 834 excom.
1921 802 2133 834 Bernardum
2141 802 2182 834 de
2193 802 2343 834 Canellis
2356 804 2389 835 et

781 858 935 889 Sibiliam
953 857 993 887 de
1010 856 1122 893 Curte,
1142 855 1387 887 Barchinonen.
1404 855 1464 892 di.,
1483 855 1541 895 qui
1553 854 1692 892 dudum,
1705 855 1862 895 exposito
1877 855 1967 896 quod
1983 855 2174 887 nescientes
2186 855 2325 896 aliquod
2337 855 2386 887 in-

781 913 832 942 ter
848 919 906 942 eos
921 910 1202 949 impedimentum
1220 908 1369 939 existere
1386 908 1529 939 insimul
1543 908 1692 939 matrim.
1709 909 1960 946 contraxerant,
1977 908 2267 949 dispensationem
2287 917 2389 949 super

781 968 827 995 ινο
842 964 932 994 affin.
949 963 1054 1003 gradu
1069 961 1320 1001 subreptitiam,
1338 961 1468 992 consid.
1479 961 1598 992 Jacobi
1616 961 1706 1001 regis
1722 962 1930 1001 Aragonum,
1946 961 2163 993 obtinuerant
2174 962 2263 1001 (nam
2274 961 2388 994 omnia

781 1016 975 1056 supradicta
985 1015 1152 1052 sciebant)
1166 1016 1198 1046 et
1213 1013 1473 1054 subsequenter
1492 1014 1686 1046 incestuose
1697 1014 1789 1045 filios
1804 1014 2241 1055 procrearunt.Sequuntur
2256 1014 2390 1047 absolu-

780 1070 828 1101 tio
847 1069 888 1100 ab
905 1077 1035 1100 excom.
1056 1068 1193 1099 incursa
1207 1069 1240 1099 et
1260 1076 1347 1098 nova
1362 1067 1528 1107 dispens,
1545 1067 1685 1099 obtentu
1697 1067 1891 1099 Elissendis
1910 1067 2035 1107 reginae
2046 1068 2254 1108 Aragonum,
2270 1069 2307 1100 ut
2321 1076 2388 1100 non

782 1122 869 1154 obst.
885 1122 1126 1162 impedimento
1141 1120 1290 1161 praefato,
1303 1120 1516 1161 aliquamdiu
1527 1121 1656 1152 carnali
1665 1121 1869 1152 commercio
1881 1121 2074 1159 interdicto,
2089 1121 2124 1153 in
2135 1121 2223 1153 dicto
2236 1121 2385 1153 matrim.

782 1184 954 1207 remanere
970 1175 1115 1206 valeant.
1133 1175 1185 1213 (A.
1204 1175 1254 1210 22,
1272 1174 1296 1204 f.
1317 1175 1375 1205 103
1391 1174 1421 1212 b;
1447 1174 1480 1205 V.
1497 1175 1547 1211 78,
1564 1182 1616 1214 ep.
1631 1174 1697 1214 30.)

826 1226 960 1258 20055.
982 1245 1020 1250 -—-
1035 1228 1156 1258 ,loanni
1168 1227 1205 1258 de
1224 1227 1307 1268 Ripa
1324 1236 1418 1267 prov.
1439 1236 1558 1258 canon.
1576 1227 1657 1259 eccl.
1686 1227 1728 1259 de
1745 1228 1908 1268 Leproso‚
1925 1227 2111 1259 Bituricen.
2130 1227 2190 1263 di..
2208 1227 2271 1259 sub
2287 1236 2385 1269 exsp.

781 1282 883 1321 praeb.
901 1299 939 1303 —-
955 1282 981 1312 Ι.
1004 1290 1032 1312 e.
1053 1290 1098 1312 m.
1118 1280 1193 1312 abb.
1215 1282 1360 1312 monast.
1380 1289 1408 1312 s.
1427 1280 1567 1320 Sulpitii
1586 1281 1786 1318 Biturieen„
1804 1282 1836 1312 et
1853 1280 1994 1319 archid„
2009 1289 2048 1312 ac
2062 1281 2206 1313 Andreae
2219 1281 2260 1312 de
2277 1281 2386 1313 Calvi·

780 1335 909 1374 gniaco,
927 1343 999 1366 can.
1017 1334 1099 1366 eccl.
1117 1334 1302 1366 Bituricen.
1319 1334 1371 1373 (A.
1390 1335 1440 1371 22,
1459 1334 1483 1365 f.
1499 1335 1558 1364 104
1571 1339 1605 1371 ⁸3
1631 1333 1665 1365 V.
1681 1335 1731 1372 78,
1748 1342 1800 1374 ep.
1817 1334 1879 1375 31.)

826 1385 961 1418 20656.
980 1405 1018 1410 —
1032 1387 1129 1418 Odino
1147 1388 1317 1419 Preverant
1330 1373 1448 1420 eadem
1464 1387 1574 1434 gratia
1587 1388 1621 1418 in
1638 1387 1719 1419 eccl.
1735 1387 1965 1424 Exoldunen„
1982 1388 2167 1420 Bituricen.
2185 1387 2231 1419 di.
2250 1406 2287 1411 -
2299 1388 2338 1419 In
2354 1396 2384 1420 e.

780 1451 824 1473 m.
843 1443 880 1473 ut
897 1450 1010 1482 supra.
1027 1442 1079 1480 (A.
1097 1443 1149 1479 22,
1169 1442 1192 1472 f.
1210 1443 1249 1473 63
1267 1441 1301 1478 ¹³3
1326 1441 1359 1472 V.
1377 1442 1426 1477 78,
1446 1450 1499 1481 ep.
1518 1440 1583 1480 33.)

824 1494 835 1505 ”
857 1492 991 1524 20657.
1013 1512 1050 1517 -
1066 1495 1259 1534 Responsio
1278 1494 1483 1526 affirmativa
1501 1494 1543 1526 ad
1572 1504 1594 1525 ¹1
1613 1494 1756 1534 quaesita
1777 1503 1797 1526 a
1820 1494 1968 1525 Bertuldo
1995 1494 2152 1535 archiep.o
2178 1494 2386 1536 Neapolitano

780 1549 894 1579 utrum
909 1548 1038 1579 scilicet
1055 1548 1214 1579 inhibitio
1231 1557 1292 1588 per
1314 1548 1429 1587 ipsum
1446 1548 1535 1579 facta
1552 1547 1741 1579 rectoribus
1756 1548 1836 1579 eccl.
1853 1548 2003 1579 civitatis
2018 1547 2234 1588 Neapolitan.
2253 1556 2294 1580 ne
2313 1548 2383 1580 fon-

778 1603 831 1633 tes
852 1602 1076 1642 baptismales
1098 1601 1233 1639 habere‚
1257 1601 1490 1633 confessiones
1516 1601 1634 1632 audire
1659 1609 1720 1633 nec
1742 1601 1930 1633 ecclesiast.
1957 1603 2168 1633 sacramenta
2189 1601 2386 1634 ministrare

778 1656 998 1694 praesumant,
1009 1664 1086 1686 cum
1102 1655 1196 1686 nulla
1206 1655 1361 1692 ecclesia,
1371 1654 1439 1685 nisi
1456 1654 1575 1694 major,
1589 1654 1624 1685 in
1637 1654 1755 1686 eadem
1773 1654 1908 1686 civitate
1920 1663 2035 1686 curam
2044 1654 2167 1686 habeat
2179 1654 2382 1692 animarum,

776 1707 868 1747 justa
883 1708 939 1745 sit,
957 1710 990 1739 et
1005 1717 1048 1739 an
1064 1708 1235 1739 nonnullae
1251 1707 1434 1739 abbatissae
1450 1709 1483 1739 et
1498 1715 1593 1739 conv.
1614 1707 1816 1739 monialium
1830 1709 1987 1745 monast„
2006 1707 2155 1747 praefatae
2169 1707 2250 1739 eccl.
2263 1707 2384 1748 majori

778 1761 1010 1801 Neapolitanae
1028 1761 1272 1801 subjectorum,
1293 1761 1566 1801 procurationem
1584 1761 1715 1792 ratione
1727 1760 1937 1792 visitationis
1953 1760 2103 1792 debitam
2117 1762 2150 1792 et
2167 1761 2384 1792 caritativum

779 1814 972 1845 subsidium
993 1815 1029 1846 in
1051 1815 1162 1854 primo
1181 1814 1330 1853 Jucundo
1355 1814 1502 1845 adventu
1527 1814 1679 1854 ejusdem
1702 1814 1865 1853 archiep.i
1889 1814 2021 1846 solvere
2045 1815 2235 1846 teneantur.
2259 1814 2311 1854 (A.
2330 1815 2382 1852 22,

779 1868 803 1898 f.
825 1869 928 1905 105³;
954 1867 987 1898 V.
1010 1869 1059 1905 78,
1080 1877 1132 1907 ep.
1151 1867 1218 1907 34.)

822 1918 959 1950 20658.
977 1939 1016 1944 -
1036 1921 1164 1952 Thomas
1181 1920 1350 1951 Alamandi
1367 1921 1572 1952 transfertur
1588 1929 1630 1952 ex
1649 1920 1801 1960 prioratu
1817 1920 2053 1956 Taluerarum,
2073 1920 2111 1953 O.
2129 1921 2164 1952 S.
2183 1921 2235 1958 B.‚
2251 1920 2382 1953 Geben-

778 1983 853 2006 nen.
872 1975 932 2012 di..
949 1975 1157 2006 monasterio
1172 1974 1422 2014 savigniacen„
1440 1974 1522 2005 dicti
1539 1974 1624 2010 ord.,
1645 1974 1843 2014 Lugdunen.
1863 1973 1923 2011 di.,
1943 1973 2139 2005 immediate
2162 1973 2326 2014 subjecto,
2341 1974 2384 2005 ad

778 2028 890 2067 ipsum
907 2029 1064 2065 monast„
1080 2027 1144 2059 sub
1161 2036 1258 2067 exsp.
1277 2027 1462 2067 prioratus,
1475 2027 1682 2064 administr.,
1701 2027 1808 2067 dign,
1822 2028 2036 2067 personatus,
2053 2027 2108 2058 vel
2122 2027 2177 2058 off.
2197 2035 2257 2059 seu
2270 2026 2381 2058 benef.

779 2090 806 2112 c.
823 2090 851 2112 c.
867 2082 921 2112 vel
939 2090 966 2112 s.
986 2090 1028 2119 c.‚
1048 2081 1091 2112 ad
1107 2080 1183 2112 abb.
1204 2082 1237 2112 et
1253 2089 1350 2112 conv.
1366 2081 1473 2120 eJusd.
1492 2082 1638 2112 monast.
1657 2080 1770 2111 collat.
1787 2080 1933 2120 pertin.;
1953 2079 2105 2112 officium
2123 2088 2204 2111 vero
2219 2080 2384 2112 sacristiae

777 2134 908 2174 praefati
922 2135 1094 2174 prioratus
1111 2134 1271 2165 dimittat.
1291 2152 1330 2157 -
1344 2134 1371 2165 Ι.
1389 2142 1418 2165 e.
1438 2142 1483 2165 m.
1501 2133 1627 2165 archid.
1645 2133 1827 2170 Viennen..
1845 2133 1996 2165 sacristae
2008 2133 2216 2171 Gebennen.,
2234 2135 2267 2165 et
2282 2133 2384 2166 Petro

777 2187 944 2225 Bonidiei,
962 2196 1036 2219 can.
1052 2188 1240 2227 Lingonen.
1259 2187 1340 2218 eccl.
1360 2187 1412 2225 (A.
1429 2188 1478 2224 22,
1498 2187 1521 2217 f.
1544 2188 1602 2219 106
1616 2192 1647 2223 ⁸5
1669 2186 1705 2218 V.
1722 2175 1771 2223 78,
1789 2195 1841 2226 ep.
1857 2187 1924 2226 36.)

823 2238 958 2270 20659.
977 2240 1161 2282 —Ilperino
1173 2240 1282 2272 Jacobi
1296 2239 1333 2271 de
1345 2239 1493 2281 leerinis
1507 2249 1602 2280 prov.
1616 2249 1734 2272 canon.
1747 2239 1829 2271 eccl.
1846 2240 1975 2272 Ostien.
1991 2239 2053 2271 sub
2067 2248 2163 2280 exsp.
2181 2240 2283 2280 praeb.
2291 2250 2302 2277 ;
2316 2248 2383 2272 non

778 2293 865 2325 obst.
883 2294 1090 2334 archipresb.
1108 2295 1141 2326 et
1157 2294 1312 2334 portione
1329 2293 1365 2324 in
1383 2294 1464 2325 eccl.
1481 2302 1508 2324 s.
1529 2293 1704 2325 Eustachii
1721 2293 1763 2325 de
1777 2292 1880 2325 Urbe.
1896 2293 1973 2325 -Ι,
1991 2302 2021 2325 e.
2039 2302 2085 2324 m.
2105 2293 2210 2333 priori
2230 2293 2382 2325 basilicae

778 2347 944 2387 principis
960 2347 1206 2387 apostolorum,
1223 2349 1257 2379 et
1273 2346 1418 2387 archipr.
1444 2355 1471 2377 s.
1489 2347 1710 2378 Pudentianae
1723 2347 1764 2378 de
1781 2345 1884 2382 Urbe,
1903 2355 1941 2378 ac
1958 2346 2089 2378 cantori
2109 2346 2282 2379 Turonen.
2300 2347 2381 2378 eccl.

779 2400 831 2440 (A.
848 2401 898 2436 22,
917 2400 940 2431 f.
958 2401 1016 2432 109
1031 2400 1060 2438 ¹²3
1084 2400 1116 2431 V.
1135 2401 1186 2437 78,
1205 2409 1257 2440 ep.
1274 2400 1341 2440 57.)

822 2450 957 2482 20660.
978 2470 1015 2476 -
1033 2453 1147 2484 Jacobo
1160 2453 1248 2484 Petri
1263 2453 1299 2484 de
1316 2452 1464 2494 Ilperinis
1480 2453 1598 2484 eadem
1616 2453 1726 2492 gratia
1742 2453 1778 2483 in
1794 2452 1876 2484 eccl.
1895 2452 1928 2484 S.
1954 2452 1999 2484 M.
2023 2453 2057 2484 in
2075 2452 2326 2485 Transtiberim
2340 2452 2382 2485 de

778 2505 881 2538 Urbe.
900 2523 937 2529 —
950 2506 975 2537 I.
994 2515 1023 2538 e.
1043 2515 1088 2537 m.
1105 2508 1142 2538 ut
1159 2515 1188 2538 s.
1204 2506 1259 2547 (A.
1278 2508 1329 2544 22,
1350 2506 1375 2538 f.
1397 2508 1456 2538 110
1472 2511 1500 2544 ²;
1529 2505 1564 2536 V.
1579 2507 1629 2544 78,
1648 2514 1701 2546 ep.
1715 2505 1783 2546 58.)

823 2556 958 2588 20661.
977 2576 1016 2582 --
1032 2559 1190 2600 Stephano
1204 2560 1337 2591 ,Ioannis
1362 2559 1450 2590 Petri
1476 2559 1512 2590 de
1538 2558 1723 2590 Cerronibus
1748 2558 1785 2589 de
1813 2558 1892 2589 Urbe
1912 2558 2050 2591 collatio
2070 2567 2187 2590 canon.
2205 2558 2269 2590 suh
2285 2567 2379 2600 exsp.

777 2612 880 2652 praeb.
900 2612 978 2644 eccl.
1001 2613 1035 2644 S.
1052 2613 1096 2644 M.
1113 2613 1149 2644 in
1162 2613 1368 2645 Monasterio
1385 2613 1426 2645 de
1446 2613 1536 2644 dicta
1559 2612 1672 2650 Urbe3
1691 2612 1843 2644 dimittat
1855 2613 1969 2644 autem
1985 2620 2103 2644 canon.
2121 2613 2155 2644 et
2176 2612 2279 2652 praeb.
2298 2612 2379 2644 eccl.

779 2674 806 2696 s.
824 2665 936 2697 Luciae
949 2665 984 2696 in
999 2665 1100 2698 Silice
1120 2666 1160 2698 de
1179 2666 1282 2699 Urbe.
1299 2684 1338 2690 -
1354 2667 1381 2698 Ι.
1400 2675 1429 2698 e.
1447 2674 1492 2698 m.
1512 2665 1588 2697 abb.
1613 2666 1758 2697 monast.
1786 2674 1813 2696 s.
1842 2665 2019 2697 Laurentii
2035 2665 2119 2697 foris
2134 2674 2251 2697 muros
2264 2665 2381 2702 Urbis,

778 2719 811 2750 et
822 2718 920 2750 Petro
936 2718 977 2750 de
991 2719 1191 2759 Columpna,
1209 2728 1313 2760 praep.
1326 2719 1530 2757 Massilien„
1544 2728 1581 2750 ac
1595 2719 1734 2751 'rhomae
1742 2718 1783 2750 de
1796 2718 1920 2754 Lamo,
1932 2727 2006 2750 can.
2019 2718 2153 2750 Reatin.
2166 2718 2246 2751 eccl.
2265 2719 2316 2758 (Α.
2329 2719 2380 2755 22,

778 2771 801 2802 f.
821 2772 879 2803 116
891 2776 926 2807 ⁸3
948 2771 980 2802 V.
997 2772 1047 2809 78,
1065 2780 1118 2812 ep.
1131 2772 1198 2812 99.)

823 2821 955 2853 20662.
975 2842 1014 2847 --
1044 2823 1241 2865 Woleframo,
1262 2831 1334 2856 nato
1351 2835 1383 2857 n.
1404 2836 1432 2856 υ.
1461 2824 1640 2856 Eberhardi
1656 2824 1774 2855 comitis
1789 2824 1826 2855 de
1841 2823 2049 2865 Nellemburq,
2065 2833 2160 2864 prov.
2181 2833 2297 2856 canon.
2317 2823 2380 2855 sub

777 2885 872 2916 exsp.
891 2876 994 2917 praeb.
1012 2877 1092 2908 eccl.
1112 2878 1333 2918 Argentinen.
1350 2897 1390 2903 —
1404 2879 1431 2910 I.
1451 2887 1479 2910 e.
1499 2887 1544 2910 m.
1573 2878 1804 2910 constantien.
1836 2879 1868 2909 et
1889 2876 2121 2915 Ymbriacen.,
2144 2878 2378 2910 constantien.

777 2930 835 2968 di.,
856 2938 959 2970 praep.
979 2938 1017 2961 ac
1032 2939 1120 2970 mag.
1137 2931 1334 2964 Hermanno
1349 2933 1389 2964 de
1406 2931 1520 2969 Stoka,
1536 2931 1644 2972 eJusd.
1665 2930 1899 2963 Constantien.
1917 2939 1990 2962 can.
2008 2931 2090 2962 eccl.
2101 2931 2156 2972 (A.
2170 2932 2220 2968 22,
2237 2930 2260 2962 f.
2279 2931 2334 2961 141
2349 2935 2377 2967 *ς

782 2983 818 3014 V.
833 2984 882 3019 78,
899 2991 952 3023 ep.
975 2983 1051 3021 2823
1069 2984 1257 3023 Hauviller,
1275 2984 1427 3016 Analecta
1444 2984 1697 3025 Arqenec'nensia,
1715 2985 1740 3015 t.
1757 2983 1785 3021 Ι,
1803 2992 1837 3023 p.
1854 2984 1963 3021 34-36,
1978 2984 2050 3015 doc.
2068 2985 2107 3014 24
2121 2984 2155 3015 et
2171 2984 2237 3022 25.)
