2592 3562
388 316 446 346 Iu

419 405 521 431 Datum
537 395 716 431 Avenione.

399 608 415 635 7
431 609 484 643 (vn
505 606 556 642 id.)
570 606 636 640 jun.
657 605 743 634 4324.

508 651 537 678 T.
559 651 627 678 XVI.

530 712 565 740 Ut
582 721 605 740 s.

495 757 525 784 T.
543 757 636 784 XXVI.

397 926 415 953 8
434 925 477 960 (νι
497 925 548 960 id.)
569 925 632 957 jun.
652 923 740 952 1324.

524 1243 560 1271 Ut
583 1252 606 1271 s.

528 1456 563 1483 Ut
579 1464 602 1483 s.

526 1615 560 1642 Ut
579 1624 602 1642 s.

485 1660 514 1687 T.
535 1660 568 1692 X,
582 1660 641 1686 XII.

523 1828 557 1855 Ut
577 1836 600 1856 s.

469 1873 499 1900 Τ.
521 1873 566 1906 XI,
585 1873 655 1900 XIII.

523 2040 558 2067 Ut
577 2049 599 2067 s.

487 2084 518 2112 T.
536 2085 567 2116 X,
581 2085 638 2112 XII.

523 2252 557 2280 Ut
578 2261 600 2280 s.

523 2465 557 2493 Ut
578 2474 601 2494 8.

527 2733 561 2760 Ut
581 2742 604 2761 s.

498 2778 526 2804 T.
548 2778 627 2805 XXX.

523 2893 559 2921 Ut
579 2902 602 2921 8.

472 2936 500 2963 T.
523 2937 568 2970 XI,
587 2937 658 2965 XIII.

781 304 953 336 JOANNIS
976 303 1094 335 PAPAE
1115 302 1217 333 XXII.
1242 301 1488 341 (1316-1884).
1512 318 1551 324 —
1573 299 1760 331 LITTERAE
1782 298 2007 331 COMMUNES

809 499 833 530 I.
852 507 880 530 e.
896 507 941 530 m.
958 498 1126 538 archiep.o
1141 496 1392 536 Salzeburgen„
1410 495 1442 526 et
1458 503 1532 534 ep.o
1550 483 1779 532 Lemovicen„
1795 502 1833 525 ac
1845 501 1934 534 mag.
1952 493 2076 526 Joanni
2091 493 2309 531 Phefferardi,
2328 502 2401 526 can.

808 552 888 584 eccl.
909 551 1152 587 Constantien.‚
1170 550 1269 589 Papae
1285 557 1356 588 cap.
1375 548 1428 588 (A.
1447 549 1497 585 21,
1516 547 1539 578 f.
1553 547 1593 579 86
1607 546 1638 584 ὓς
1660 547 1695 578 V.
1715 549 1764 583 77,
1779 555 1832 587 00.
1850 546 1955 587 1214.)

856 601 989 634 19725.
1006 621 1043 626 -
1065 602 1204 634 Arnaldo
1230 612 1254 633 s.
1274 600 1438 631 Eustachii
1459 599 1541 631 diac.
1561 599 1648 632 card.
1673 599 1773 631 facul.
1801 599 1987 640 recipiendi
2005 609 2024 631 a
2039 599 2168 632 Joanne
2192 600 2232 632 de
2256 600 2400 632 Divione

808 658 968 698 resignat.
988 665 1105 688 canon.
1123 657 1155 686 et
1171 654 1273 695 praeb.
1292 654 1373 686 0001.
1389 653 1509 685 Dolen.
1526 653 1581 694 (A.
1598 654 1649 690 21,
1670 652 1692 684 f.
1710 654 1750 685 58
1764 658 1795 691 ⁸3
1820 653 1852 683 V.
1869 655 1920 688 77,
1939 661 1993 693 00.
2011 653 2115 693 1258.)

856 708 989 740 19726.
1009 727 1046 733 -
1062 708 1222 741 Guillelmo
1237 708 1272 738 de
1300 717 1325 738 s.
1344 707 1469 739 Juliano
1486 715 1576 739 mon.
1602 710 1747 739 monast.
1776 715 1804 738 s.
1825 707 1919 738 Petri
1941 707 1982 739 de
2002 706 2143 739 Cultura
2162 707 2401 746 cenomanen..

808 764 847 796 O.
872 764 906 796 S.
925 765 977 800 B..
995 763 1145 802 dispens.
1164 762 1208 797 ut,
1227 761 1305 793 licet
1325 760 1407 792 olim
1425 761 1463 792 O.
1488 760 1527 792 F.
1551 760 1595 792 M.
1622 760 1798 800 ingressus
1818 759 1933 798 fuerit,
1957 760 1992 791 in
2007 759 2096 792 dicto
2111 761 2256 792 monast.
2277 759 2402 798 benef„

810 817 945 849 etiamsi
963 816 1068 856 dign,
1087 815 1300 854 personatus,
1323 815 1380 845 aut
1406 813 1598 845 administr.
1621 822 1682 845 seu
1708 813 1763 845 off.
1789 813 1924 850 existat,
1941 822 1968 845 c.
1996 822 2039 851 c.‚
2058 812 2166 846 libere
2183 814 2332 854 recipere
2347 822 2390 845 va

808 870 886 902 leat.
903 870 955 908 (A.
973 871 1024 906 21,
1043 868 1064 899 f.
1083 870 1141 899 169
1158 867 1189 904 b;
1213 866 1246 898 V.
1265 869 1314 904 77,
1331 875 1383 907 ep.
1402 867 1508 907 1445.)

855 920 989 951 19727.
1007 939 1045 943 -
1063 921 1198 951 Μανιὶηο
1220 920 1359 951 Venturae
1376 928 1470 960 prov.
1493 929 1611 951 canon.
1636 921 1669 951 et
1690 919 1792 960 praeb.
1811 919 1893 952 eccl.
1919 919 2084 951 Albanen.
2104 927 2176 951 vac.
2197 928 2258 960 per
2272 919 2403 952 obitum

808 976 897 1016 apud
913 975 946 1007 S.
962 975 1002 1006 A.
1030 973 1124 1005 Petri
1143 973 1183 1005 de
1200 973 1382 1005 Terracina
1387 983 1397 1011 3
1421 981 1488 1004 non
1511 973 1596 1005 obst.
1621 973 1656 1004 in
1671 973 1752 1005 0001.
1768 973 1964 1005 Grossetan.
1980 981 2097 1004 canon.
2117 973 2150 1004 et
2164 973 2282 1012 presb..
2297 974 2330 1005 et
2344 973 2404 1006 lite

808 1037 909 1069 super
924 1027 1130 1067 archipresb.
1148 1027 1229 1058 eccl.
1245 1035 1273 1058 s.
1288 1027 1382 1058 Petri
1400 1027 1441 1058 de
1456 1027 1601 1063 Ariccia,
1624 1026 1790 1058 Albanen.
1807 1026 1854 1058 di.
1870 1044 1906 1050 -
1925 1026 1951 1058 Ι.
1969 1034 1997 1059 0.
2018 1035 2063 1057 m.
2076 1034 2165 1066 mag.
2181 1026 2348 1058 Rainaldo
2362 1027 2404 1058 de

806 1082 888 1113 filiis
903 1081 983 1113 Ursi
1001 1080 1127 1112 archid.
1144 1080 1185 1111 de
1212 1080 1391 1119 Campinia
1415 1080 1589 1117 Leodien.,
1615 1080 1716 1120 Papae
1739 1081 1820 1118 not„
1848 1080 1881 1111 et
1903 1079 2010 1111 Paulo
2035 1079 2077 1111 de
2094 1079 2236 1118 Comite,
2253 1079 2404 1111 basilicae

805 1134 971 1176 principis
987 1133 1219 1174 apostolorum
1234 1133 1275 1165 de
1290 1133 1394 1172 Urbe,
1410 1142 1447 1165 ac
1461 1133 1577 1165 Blasio
1588 1133 1629 1165 de
1642 1133 1782 1172 NeruIa,
1799 1132 1968 1165 Tiburtin.
1981 1141 2054 1165 can.
2066 1132 2147 1165 eccl.
2161 1132 2212 1172 (A.
2227 1134 2279 1170 21,
2290 1132 2313 1164 f.
2323 1133 2404 1171 86·;

811 1188 846 1219 V.
867 1190 916 1224 77,
931 1196 983 1226 00.
1002 1187 1105 1226 1205.)

853 1237 986 1269 19728.
1004 1257 1042 1263 —-
1060 1240 1290 1272 Visitantibus
1306 1240 1387 1271 0001.
1399 1240 1576 1276 Narnien.‚
1591 1240 1625 1271 in
1640 1239 1803 1272 honorem
1818 1239 1850 1271 b.
1861 1240 1881 1271 J
1885 1239 2038 1271 uvenalis
2054 1240 2217 1280 martyris
2235 1240 2403 1271 construc-

805 1295 887 1329 tam,
902 1293 938 1324 in
955 1302 988 1324 1v
1003 1294 1042 1325 B.
1059 1293 1104 1325 M.
1123 1294 1165 1325 V.
1185 1302 1223 1324 ac
1239 1293 1385 1334 singulis
1407 1293 1519 1334 ipsius
1535 1294 1699 1334 martyris
1721 1292 1965 1325 festivitatibus
1986 1292 2088 1324 unius
2104 1292 2195 1330 anni,
2212 1292 2301 1324 etad
2318 1301 2404 1333 opus

805 1346 916 1387 ipsius
934 1346 1014 1378 eccl.
1034 1355 1156 1378 manus
1171 1346 1425 1387 porrigentibus
1440 1346 1634 1387 adjutrices,
1651 1347 1688 1385 C,
1712 1348 1746 1378 et
1767 1355 1827 1386 per
1844 1354 1961 1378 earum
1984 1347 2120 1378 octavas
2144 1355 2182 1376 xi.
2206 1345 2339 1378 dierum
2354 1346 2404 1377 in-

804 1400 895 1439 dulg.
912 1409 1003 1431 conc.
1021 1400 1074 1440 (A.
1100 1401 1151 1438 20,
1175 1400 1197 1431 f.
1217 1401 1277 1432 578
1292 1405 1323 1438 ει;
1341 1399 1374 1431 V.
1393 1402 1444 1437 77,
1460 1409 1512 1441 00.
1531 1400 1636 1440 1206.)

850 1451 986 1483 19729.
1007 1471 1044 1477 -
1061 1454 1204 1485 Amatori
1218 1463 1288 1495 ep.o
1306 1453 1457 1485 Nar-nien.
1470 1453 1571 1485 facul.
1591 1453 1737 1486 faciendi
1752 1453 1857 1493 recipi
1872 1461 1975 1484 unam
1992 1461 2082 1493 pers.
2100 1453 2135 1484 in
2150 1461 2221 1484 can.
2238 1452 2400 1485 Narnien.

804 1507 898 1545 eccl.,
914 1507 949 1538 in
972 1516 1038 1547 qua
1054 1516 1126 1539 can.
1144 1507 1292 1548 receptio
1305 1508 1338 1539 et
1354 1506 1457 1548 praeb.
1475 1507 1588 1540 collat.
1606 1507 1648 1538 ad
1663 1507 1764 1547 capit.
1780 1506 1962 1547 pertinent,
1977 1506 2076 1547 eique
2089 1506 2130 1538 de
2142 1505 2245 1547 praeb.
2262 1514 2334 1538 vac.
2347 1505 2402 1538 vel

805 1562 912 1592 vacat.
929 1561 1140 1600 providendi.
1159 1561 1212 1601 (A.
1229 1562 1279 1598 20,
1297 1561 1320 1592 f.
1336 1562 1396 1592 578
1410 1566 1443 1598 ³;
1468 1560 1501 1592 V.
1520 1563 1570 1599 77,
1587 1569 1640 1601 ep.
1660 1560 1764 1600 1207.)

852 1611 987 1643 19730.
1005 1632 1042 1637 -
1059 1614 1176 1645 Joanm'
1191 1614 1227 1645 de
1249 1625 1273 1645 s.
1295 1614 1460 1655 Solanqia,
1477 1614 1557 1646 cler.
1581 1614 1695 1646 Caroli
1711 1614 1802 1654 regis
1819 1613 1982 1651 Franciae‚
1997 1613 2157 1654 supplic„
2173 1621 2268 1653 prov.
2283 1621 2400 1645 canon.

804 1668 885 1699 eccl.
903 1668 1106 1700 Noviomen.
1120 1667 1184 1699 801)
1200 1677 1295 1708 exsp.
1309 1667 1412 1708 praeb.
1428 1676 1467 1691 —·
1480 1668 1507 1699 Ι.
1521 1676 1550 1699 e.
1571 1676 1616 1699 m.
1631 1667 1738 1708 priori
1753 1667 1867 1699 saecul.
1884 1676 1912 1698 s.
1926 1667 2044 1699 Ursini
2057 1666 2254 1702 Bituricen.,
2266 1667 2299 1698 et
2312 1675 2401 1707 mag.

803 1722 904 1753 Petro
922 1722 1090 1758 Barreria,
1108 1722 1234 1753 archid.
1253 1723 1448 1757 Nivernen.‚
1466 1731 1504 1753 ac
1524 1721 1653 1753 cantori
1675 1721 1843 1753 Parisien.
1869 1720 1950 1753 eccl.
1971 1720 2024 1760 (A.
2050 1721 2102 1758 20,
2121 1719 2145 1751 f.
2167 1721 2226 1752 537
2242 1725 2271 1757 ⁸3
2299 1719 2336 1751 V.
2351 1721 2402 1757 77,

803 1783 855 1814 ep.
875 1776 978 1814 1209.)

850 1825 987 1858 19731.
1008 1846 1046 1850 -
1068 1828 1151 1868 May.
1174 1828 1328 1859 Ademaro
1352 1827 1388 1859 de
1413 1828 1518 1866 eroso,
1536 1828 1616 1860 cler.
1633 1828 1747 1860 Caroli
1762 1828 1803 1860 R.
1823 1828 1861 1859 F.
1881 1828 1915 1859 et
1930 1827 1972 1859 N.
1990 1827 2151 1867 supplic„
2170 1835 2266 1867 prov.
2282 1834 2400 1858 canon.

803 1881 884 1913 eccl.
900 1881 1079 1913 Carnoten.
1100 1882 1164 1912 sub
1182 1891 1276 1922 exsp.
1296 1881 1399 1922 praeb.
1408 1892 1418 1918 ;
1437 1890 1504 1913 non
1520 1881 1607 1913 obst.
1623 1881 1734 1913 benef.
1754 1881 1833 1913 aliis
1846 1881 1881 1912 in
1897 1880 2123 1920 praesentibus
2135 1888 2202 1912 non
2216 1879 2402 1920 expressis.

801 1953 837 1958 -
856 1935 880 1966 I.
896 1943 925 1966 e.
941 1943 986 1966 m.
1006 1934 1081 1966 abb.
1099 1935 1363 1973 Claromonten.,
1380 1936 1412 1966 et
1426 1937 1513 1967 cant.
1530 1935 1711 1972 Parisien.‚
1728 1943 1766 1966 ac
1782 1934 1918 1966 scolast.
1937 1933 2169 1966 Constantien.
2185 1933 2266 1965 0001.
2281 1933 2336 1974 (Α.
2350 1934 2402 1970 20,

802 1988 826 2021 f.
843 1989 902 2020 538
917 1993 945 2025 ι;
967 1988 1003 2020 V.
1024 1990 1073 2024 77,
1092 1997 1144 2028 00.
1164 1988 1269 2029 1228.)

849 2039 986 2071 19732.
1005 2060 1043 2064 -
1061 2041 1153 2072 Petro
1167 2041 1203 2072 de
1221 2041 1342 2073 Chaillo
1360 2050 1455 2082 prov.
1474 2050 1592 2073 canon.
1609 2042 1690 2073 0001.
1709 2042 1847 2073 Trecen.
1866 2040 1929 2072 sub
1951 2049 2047 2081 exsp.
2073 2040 2176 2080 praeb.
2187 2050 2196 2077 ;
2222 2049 2290 2072 non
2311 2039 2399 2072 obst.

803 2095 955 2134 prioratu
969 2095 1080 2127 saecul.
1101 2096 1180 2127 eccl.
1197 2096 1237 2126 de
1251 2096 1428 2136 Bongeria,
1442 2104 1480 2127 ac
1498 2103 1615 2127 canon.
1631 2096 1664 2126 et
1681 2095 1783 2135 praeb.
1801 2095 1836 2125 in
1851 2094 1933 2126 0001.
1960 2094 2000 2126 (10
2023 2093 2197 2132 Yrisione‚
2215 2093 2400 2126 Bituricen.

803 2149 848 2179 di.
873 2167 910 2171 —
934 2149 960 2180 Ι.
979 2158 1008 2180 0.
1030 2158 1075 2180 m.
1099 2158 1174 2188 ep.o
1197 2149 1461 2187 Claromonten.,
1483 2150 1515 2180 et
1543 2148 1795 2181 Claromonten.
1823 2157 1861 2179 00
1883 2147 2050 2180 Parisien.
2074 2148 2160 2179 cant.
2180 2147 2260 2179 0001.
2279 2148 2331 2187 (A.
2349 2149 2400 2184 21,

803 2202 827 2233 f.
842 2203 881 2234 57
897 2202 926 2239 1³3
951 2202 986 2233 V.
1008 2204 1057 2238 77,
1074 2211 1125 2242 ep.
1145 2204 1247 2241 1249.)

850 2253 984 2285 19733.
1003 2274 1042 2278 -
1064 2255 1224 2286 Bernardo
1249 2255 1284 2286 de
1303 2256 1401 2294 Mota,
1421 2255 1500 2287 cler.
1530 2255 1753 2295 Burdegalen.
1782 2255 1842 2292 (11,
1860 2254 1970 2295 gratia
2000 2263 2095 2295 exsp.
2122 2254 2233 2286 benef.
2251 2263 2279 2287 0.
2299 2264 2327 2287 0.
2347 2255 2402 2287 vel

804 2318 831 2340 s.
850 2319 892 2345 c.‚
911 2309 965 2348 (70
982 2309 1004 2340 l.
1019 2310 1070 2350 t.),
1089 2310 1131 2341 ad
1147 2309 1308 2349 archiep.i
1326 2309 1549 2350 Burdegalen.
1568 2309 1680 2340 collat.
1700 2309 1836 2348 pertin.‚
1855 2308 1891 2339 in
1907 2308 2001 2340 civit.
2029 2308 2083 2340 vel
2105 2308 2151 2339 di.
2177 2308 2400 2349 Burdegalen.

804 2380 841 2385 —
858 2362 885 2393 Ι.
901 2371 932 2394 0.
950 2371 995 2393 m.
1015 2362 1090 2393 abb.
1108 2364 1253 2394 monast.
1276 2371 1303 2393 s.
1329 2362 1461 2400 Crucis,
1482 2363 1515 2394 et
1534 2362 1675 2393 Sarnen.
1702 2361 1940 2402 Burdegalen.,
1969 2370 2007 2393 00
2029 2362 2218 2394 Nanneten.
2242 2361 2404 2393 archid.is

803 2415 882 2447 0001.
902 2415 954 2454 (Α.
967 2417 1016 2454 20,
1030 2415 1053 2446 f.
1070 2417 1130 2448 540
1146 2415 1177 2452 b3
1197 2416 1233 2447 V.
1250 2418 1300 2454 77,
1321 2424 1373 2455 00.
1389 2416 1494 2455 1255.)

850 2465 983 2498 19734.
1013 2487 1051 2493 --
1077 2470 1280 2501 Decernitur
1302 2469 1415 2501 valere
1439 2469 1551 2501 collat.
1577 2477 1695 2500 canon.
1717 2468 1781 2500 sub
1805 2477 1902 2509 exsp.
1929 2467 2031 2509 praeb.
2059 2476 2136 2500 cum
2159 2468 2402 2508 praestimoniis

803 2523 883 2554 eccl.
902 2522 1124 2555 Salamantin.
1141 2531 1201 2563 per
1217 2523 1299 2561 ΡΡ.,
1316 2522 1455 2554 obtentu
1478 2522 1620 2554 Roberti
1647 2521 1738 2562 regis
1760 2521 1885 2554 Siciliae
1905 2521 2030 2553 factam
2050 2521 2165 2553 favore
2191 2521 2325 2552 Amaldi
2342 2521 2402 2552 Bo-

802 2575 899 2614 naldi‚
918 2576 998 2608 licet
1011 2577 1046 2607 in
1063 2576 1189 2608 litteris
1207 2576 1415 2616 provisionis
1428 2575 1556 2607 mentio
1574 2575 1663 2607 facta
1678 2583 1746 2607 non
1765 2575 1868 2607 fuerit
1885 2574 1926 2606 (10
1942 2583 2059 2606 00000.
2079 2575 2112 2606 et
2126 2574 2228 2615 praeb.
2247 2575 2330 2607 eccl.
2346 2575 2402 2607 Se·

802 2629 934 2670 gohien.
952 2629 1018 2661 eid.
1038 2630 1171 2662 collatis
1190 2639 1209 2661 a
1233 2630 1418 2662 Guillelmo
1440 2638 1516 2669 ep.o
1540 2628 1714 2668 Sabinen.,
1740 2629 1780 2660 Α.
1807 2628 1840 2660 S.
1858 2628 1980 2669 legato.
2004 2629 2057 2669 (A.
2084 2629 2135 2667 21,
2151 2628 2174 2659 f.
2191 2629 2230 2660 63
2247 2627 2277 2665 ¹³3
2300 2628 2334 2659 V.
2350 2630 2400 2666 77,

802 2691 854 2723 00.
871 2683 977 2723 1301.)

849 2733 985 2766 19735.
1005 2755 1044 2761 -
1059 2737 1191 2769 Scolast.
1211 2737 1284 2769 eccl.
1303 2736 1472 2768 Nanneten.
1485 2736 1598 2768 mand.
1615 2737 1652 2767 ut
1667 2735 1774 2775 recipi
1791 2735 1916 2767 faciant
1933 2745 1955 2766 n
1970 2743 2137 2775 pauperes
2150 2735 2230 2767 cler.
2250 2744 2310 2776 per
2321 2735 2402 2768 Gui-

803 2790 926 2821 donem
942 2790 983 2822 de
996 2790 1184 2828 Britannia,
1210 2791 1328 2822 d.num
1357 2789 1580 2826 Penthevriae,
1601 2789 1755 2821 Briocen.
1773 2789 1834 2827 di„
1850 2788 2086 2826 nominandos,
2106 2788 2142 2820 in
2159 2798 2182 2819 11
2197 2789 2342 2821 monast.
2359 2789 2399 2821 Ο.

803 2842 836 2874 S.
855 2843 893 2874 B.
912 2843 948 2874 in
962 2843 1085 2875 ducatu
1098 2844 1294 2876 Britanniae.
1310 2844 1364 2885 (A.
1388 2845 1439 2881 21,
1457 2843 1481 2874 f.
1498 2844 1554 2875 151
1574 2847 1605 2880 ⁵3
1631 2842 1667 2874 V.
1685 2844 1734 2878 77,
1752 2850 1805 2882 00.
1826 2843 1930 2882 1431.)

851 2893 986 2926 19736.
1004 2914 1043 2920 -
1059 2897 1162 2928 Alano
1178 2897 1238 2929 dou
1257 2897 1334 2929 Gars
1351 2905 1446 2937 perp.
1461 2896 1588 2928 vicario
1605 2895 1688 2927 0001.
1706 2896 1747 2927 (10
1766 2891 2029 2935 Grandicampoj
2045 2895 2210 2927 Veneten.
2230 2896 2290 2934 di..
2305 2904 2399 2935 prov.

804 2957 921 2981 canon.
938 2950 1017 2982 eccl.
1037 2951 1210 2983 Redonen.
1235 2951 1298 2982 sub
1314 2959 1408 2991 exsp.
1429 2949 1531 2990 praeb.
1554 2967 1591 2972 -—
1611 2949 1637 2980 Ι.
1656 2957 1685 2981 0.
1702 2958 1747 2980 m.
1762 2949 1889 2980 archid.
1906 2949 2099 2987 'Precorem
2117 2950 2149 2981 et
2166 2948 2344 2989 Radulpho
2361 2949 2402 2980 de
