2592 3562
390 319 450 349 280

419 407 521 435 Datum
541 402 725 434 Avemone.

464 611 501 639 20
518 611 575 638 dec.
599 610 684 637 1324.

454 657 521 692 (xm
540 654 597 683 kal.
615 654 690 690 jan.)

499 700 529 727 T.
550 699 642 727 XXIV.

459 770 495 797 21
514 770 572 797 dec.
594 768 682 798 1324.

465 814 520 850 (xn
535 813 593 841 kal.
607 813 682 849 jan.)

500 859 531 885 T.
551 858 646 886 XVIII.

462 930 502 958 23
519 930 576 958 dec.
594 928 682 958 1324.

472 978 502 1009 (x
521 974 580 1001 kal.
597 973 673 1009 jan.)

521 1018 551 1045 T.
566 1017 619 1044 LX.

527 1512 562 1539 Ut
582 1520 605 1538 s.

507 1557 536 1583 T.
552 1556 630 1583 XXX.

526 1937 560 1964 Ut
576 1945 599 1963 s.

502 1981 533 2007 T.
554 1981 624 2008 XVI.

526 2043 560 2071 Ut
575 2052 598 2070 s.

509 2088 538 2115 T.
555 2088 613 2115 XII.

452 2839 492 2866 24
510 2839 568 2868 dec.
586 2840 675 2869 1324.

461 2886 503 2918 (ix
519 2884 578 2911 kal.
592 2884 666 2920 jan.)

484 2928 514 2954 T.
532 2928 565 2963 X,
581 2928 639 2956 XII.

789 310 963 342 JOANNIS
987 309 1104 340 PAPAE
1127 308 1228 339 XXII.
1252 307 1501 347 (1316-1334).
1526 323 1561 328 —-
1586 304 1772 335 LITTERAE
1795 304 2020 336 COMMUNES

814 499 947 531 cialiter
972 500 1235 529 reservatorum.
1255 513 1292 519 ——
1308 496 1334 527 I.
1355 505 1383 527 e.
1404 504 1447 526 m.
1469 504 1545 535 epo
1565 494 1785 532 Cavallicen.,
1803 495 1836 525 et
1861 494 1987 526 archid.
2008 494 2048 526 de
2065 495 2202 536 Figiaco
2226 496 2416 534 Caturcen„

817 562 855 584 ac
870 551 1061 584 Raimundo
1079 551 1119 581 de
1137 550 1366 587 Columberio‚
1383 557 1455 579 can.
1475 547 1729 579 Autisiodoren.
1742 547 1823 579 eccl.
1837 548 1955 586 (Α.23,
1970 548 1992 579 f.
2007 549 2106 586 404·;
2132 547 2163 580 V.
2177 551 2228 588 79,
2247 557 2300 589 ep.
2310 549 2417 590 2220.)

861 602 997 635 21267.
1017 621 1054 626 -
1071 604 1163 634 Petro
1185 612 1254 642 eno
1282 602 1498 633 carcassonen.
1525 601 1625 632 facul.
1645 601 1849 632 concedendi
1875 600 2119 633 tabellionatus
2135 602 2189 633 off.
2208 612 2231 633 ιι
2253 602 2332 634 cler.
2350 612 2415 635 non

817 658 1006 699 conjugatis
1024 666 1083 688 nec
1099 657 1134 687 in
1148 655 1254 687 sacris
1274 655 1345 686 ord.
1369 653 1576 686 constitutis.
1593 655 1646 694 (A.
1663 655 1714 693 22,
1734 654 1756 685 f.
1777 655 1835 686 153
1850 654 1878 691 ¹³;
1899 653 1931 686 V.
1951 655 2002 692 79,
2019 663 2071 695 ep.
2088 655 2197 695 2497.)

861 761 996 794 21268.
1016 780 1053 785 -
1068 762 1174 792 Ottom'
1187 771 1256 802 ep.o
1275 761 1413 792 eulmen.
1430 760 1602 791 relaxatur
1620 760 1853 805 Juramentum
1868 760 2031 792 visitandi
2049 761 2280 801 apostolorum
2296 761 2418 794 limina

815 817 961 858 singulis
982 815 1150 851 trienniis,
1175 823 1252 845 cum
1274 813 1471 854 huiusmodi
1491 813 1642 844 visitatio
1664 814 1802 853 propter
1823 814 1889 845 loci
1911 813 2111 845 distantiam
2129 814 2329 855 viarumque
2350 815 2416 847 dis-

815 871 957 902 crimina
974 869 1070 900 valde
1084 868 1238 899 difficilis
1253 876 1290 898 ac
1306 867 1408 898 etiam
1428 875 1572 898 onerosa
1590 868 1761 898 noscatur.
1783 867 1835 906 (A.
1854 868 1907 903 22,
1928 867 1951 897 f.
1970 869 2029 899 316
2042 872 2070 904 ⁸;
2096 866 2128 899 V.
2147 868 2198 905 78,
2212 876 2266 908 ep.
2284 869 2368 907 415.)

861 925 870 934 “
889 920 1024 953 21269.
1041 938 1078 944 -
1096 921 1322 953 Confirmatur
1343 921 1549 960 permutatio
1568 929 1628 960 per
1645 929 1747 960 quam
1769 920 1890 952 Petrus
1905 921 1947 952 de
1965 921 2127 960 Condeto,
2145 929 2216 952 can.
2234 921 2415 960 Parisien.‚

815 977 965 1008 concedit
978 974 1146 1015 Stephano
1166 982 1241 1013 ep.o
1259 973 1426 1005 Parisien.
1441 975 1474 1005 et
1488 973 1745 1005 successoribus
1762 973 1835 1014 ejus
1848 975 1887 1005 30
1904 973 1962 1005 lib.
1972 973 2144 1014 parisien.
2157 983 2218 1015 pro
2233 974 2309 1006 dote
2320 983 2414 1016 perp.

814 1029 1009 1069 capellaniae
1033 1029 1068 1059 in
1087 1028 1248 1058 honorem
1275 1026 1307 1058 b.
1331 1026 1469 1058 Martini
1488 1026 1696 1058 confessoris
1713 1035 1751 1058 ac
1769 1026 1802 1058 1).
1821 1027 1928 1058 Annae
1949 1027 2070 1059 matris
2087 1027 2242 1068 Virginis
2259 1028 2416 1068 gloriosae

813 1083 847 1113 in
865 1082 945 1114 eccl.
962 1081 1143 1118 Parisien.,
1160 1081 1243 1112 olim
1259 1080 1301 1111 ab
1323 1079 1398 1120 ipso
1421 1079 1580 1119 fundatae,
1598 1080 1802 1120 assignatas,
1818 1089 1903 1120 quas
1919 1089 1962 1112 ex
1983 1081 2038 1111 sui
2056 1080 2226 1113 industria
2240 1081 2416 1114 annuatim

812 1135 1019 1175 percipiebat
1044 1135 1084 1165 de
1109 1134 1255 1174 quodam
1280 1134 1381 1165 feudo
1403 1142 1507 1173 super
1529 1134 1724 1165 transverso
1747 1135 1867 1173 portus
1886 1134 1926 1166 de
1951 1134 2164 1166 Confluentio
2189 1143 2217 1166 s.
2231 1132 2416 1167 Honorinae

814 1191 968 1219 movente
990 1188 1030 1219 de
1047 1188 1146 1219 feudo
1166 1187 1257 1227 quod
1270 1195 1290 1218 a
1304 1187 1465 1226 praedicto
1484 1195 1560 1226 ep.o
1577 1187 1724 1225 tenebat,
1744 1188 1777 1218 et
1792 1187 1882 1219 idem
1899 1196 1999 1228 ep.us
2017 1187 2170 1220 concedit
2187 1188 2299 1220 eidem
2314 1188 2416 1221 Petro

811 1243 850 1273 20
869 1241 927 1272 lib.
947 1241 1107 1282 parisien.
1126 1241 1344 1272 amortizatas
1365 1242 1398 1272 et
1416 1240 1654 1280 percipiendas
1670 1249 1731 1280 pro
1751 1240 1828 1272 dote
1845 1241 1992 1280 praefatae
2010 1241 2148 1281 capellae
2167 1250 2270 1281 super
2286 1241 2413 1274 emolu-

812 1295 934 1326 mentis
957 1294 1062 1334 sigilli
1089 1303 1158 1326 suae
1181 1293 1385 1334 episcopalis
1411 1293 1523 1331 curiae,
1548 1303 1625 1325 cum
1652 1303 1719 1325 uno
1745 1302 1842 1325 cereo
1865 1296 1898 1325 et
1915 1303 1983 1325 una
2001 1293 2132 1326 torchia
2152 1295 2211 1334 qui
2233 1295 2268 1326 in
2285 1295 2417 1335 capella

813 1348 952 1379 ardeant
970 1348 1174 1387 supradicta.
1192 1347 1354 1387 Sequitur
1373 1348 1470 1378 tenor
1487 1347 1656 1387 praedictae
1673 1347 1951 1387 permutationis,
1967 1347 2229 1388 dispositionem
2245 1347 2328 1380 dicti
2342 1348 2416 1380 fun-

813 1402 940 1432 datoris
963 1401 1181 1437 continentis‚
1204 1402 1286 1432 actae
1311 1401 1344 1431 et
1367 1401 1453 1432 datae
1476 1400 1646 1441 [Parisiis]
1672 1409 1760 1432 anno
1778 1401 1858 1432 D.ni
1883 1402 1973 1440 1322,
1993 1401 2048 1433 die
2072 1401 2161 1433 lunae
2186 1401 2221 1432 in
2247 1401 2366 1442 vigilia
2380 1401 2415 1433 b.

813 1455 1050 1486 Bartholomaei
1070 1454 1227 1494 apostoli.
1246 1454 1299 1494 (A.
1315 1455 1367 1491 22,
1387 1454 1410 1485 f.
1429 1455 1489 1485 288
1504 1453 1535 1491 b;
1557 1453 1589 1485 V.
1607 1455 1657 1490 78,
1674 1463 1727 1494 ep.
1743 1455 1829 1493 461.)

856 1505 992 1538 21270,
1010 1525 1049 1530 -—
1063 1508 1151 1548 Ep.o
1166 1507 1361 1539 Lincolnien.
1382 1512 1411 1538 et
1434 1507 1570 1539 Gilberto
1587 1507 1624 1538 de
1647 1507 1847 1544 Middehone,
1866 1508 1983 1539 archid.
2003 1507 2039 1539 de
2057 1508 2270 1539 Northantone
2293 1509 2326 1538 in
2341 1508 2413 1540 eccl.

811 1561 1017 1600 Lincolnien.,
1038 1570 1130 1592 conc.
1150 1562 1187 1592 ut
1203 1561 1337 1601 possint
1356 1561 1547 1593 consentire
1566 1561 1779 1593 concessioni
1794 1562 1931 1601 paroch.
1953 1561 2105 1593 ecclesiae
2121 1562 2162 1594 de
2177 1562 2414 1602 Wappenhan,

810 1615 1022 1646 Lincolnien.
1041 1614 1101 1654 di.,
1121 1615 1282 1646 faciendae
1300 1614 1335 1645 in
1353 1623 1437 1645 usus
1452 1614 1611 1654 proprios
1628 1615 1786 1646 cantoriae
1799 1616 1971 1655 perpetuae
1987 1616 2117 1655 septem
2133 1614 2415 1655 presbyterorum

810 1669 844 1699 in
867 1669 939 1699 ead.
956 1668 1091 1708 paroch.
1108 1668 1189 1699 eccl.
1211 1677 1271 1708 per
1286 1668 1414 1699 dictum
1439 1667 1643 1707 Gilbertum‚
1662 1668 1774 1708 ipsius
1800 1669 1992 1708 patronum,
2010 1677 2071 1708 pro
2092 1668 2202 1700 salute
2221 1669 2415 1701 animarum

809 1723 850 1753 cl.
875 1731 939 1753 me.
958 1722 1115 1753 Edwardi
1141 1722 1231 1762 regis
1255 1721 1399 1761 Angliae‚
1417 1721 1568 1752 Eduardi
1589 1722 1680 1761 regis
1698 1721 1830 1762 Angliae
1853 1722 1964 1761 ipsius
1984 1722 2048 1753 filii
2073 1722 2281 1763 superstitis,
2304 1722 2412 1762 ejusd.

807 1775 953 1806 Gilberti
970 1777 1002 1806 et
1025 1783 1261 1806 successorum
1277 1774 1350 1814 ejus
1366 1783 1402 1806 ac
1420 1775 1572 1806 omnium
1591 1775 1744 1806 fidelium
1761 1775 1998 1806 defunctorum
2023 1775 2220 1813 fundandae3
2238 1784 2305 1807 non
2323 1775 2412 1808 obst.

806 1829 999 1868 juramento
1027 1837 1087 1867 per
1108 1827 1284 1867 praefatum
1305 1836 1420 1867 ep.um
1446 1828 1598 1867 praestito
1615 1828 1655 1859 de
1680 1837 1747 1859 non
1764 1828 1943 1860 alienando
1961 1828 2050 1860 bona
2072 1828 2114 1860 ad
2137 1837 2292 1861 mensam
2315 1837 2415 1861 suam

809 1882 1008 1922 spectantia,
1024 1882 1178 1913 Romano
1197 1881 1360 1912 Pontifice
1376 1882 1581 1912 inconsulto
1603 1882 1654 1919 (Α.
1672 1883 1724 1919 22,
1742 1882 1766 1913 f.
1785 1883 1844 1913 365
1862 1881 1892 1918 ²³3
1915 1881 1946 1912 V.
1967 1883 2015 1919 78,
2031 1891 2085 1922 ep.
2101 1883 2188 1922 463.)

853 1932 993 1964 21271.
1018 1951 1056 1956 -
1078 1934 1204 1965 Alberco
1225 1944 1274 1975 ep.
1280 1945 1296 1964 o
1319 1934 1458 1965 Briaeien.
1479 1934 1729 1966 testimoniales
1756 1936 1939 1966 consecrat.
1968 1937 2000 1966 et
2027 1935 2166 1967 licentia
2190 1936 2370 1992 recedendi
2394 1945 2413 1967 o

807 1989 913 2020 curia.
932 1989 984 2028 (A.
1004 1989 1054 2023 22,
1069 1988 1093 2019 f.
1110 1989 1199 2019 322ι
1206 1987 1274 2024 V.
1293 1989 1342 2025 78,
1355 1996 1408 2027 ep.
1432 1989 1517 2026 497.)

850 2039 990 2071 21272.
1010 2059 1049 2064 -
1076 2041 1194 2072 leomae
1213 2051 1261 2082 ep.
1266 2051 1282 2072 ο
1309 2041 1484 2072 Cesenacen.
1509 2041 1760 2072 testimoniales
1780 2043 1965 2073 consecrat.
1990 2043 2023 2074 et
2045 2042 2182 2074 licentia
2201 2042 2379 2074 recedendi
2394 2050 2413 2074 e

806 2105 876 2127 cur.
907 2096 960 2135 (A.
984 2096 1035 2131 22,
1059 2095 1081 2125 f.
1099 2097 1158 2126 330
1174 2095 1206 2132 ¹³3
1230 2095 1265 2126 V.
1284 2095 1334 2131 78,
1350 2104 1402 2135 ep.
1423 2094 1510 2131 572.)

851 2146 1018 2178 21273.
1036 2167 1073 2172 -—
1093 2148 1332 2184 confirmatur,
1352 2148 1395 2179 ad
1416 2148 1615 2180 instantiam
1635 2149 1829 2184 Pontzardi‚
1847 2148 1923 2180 abb.
1951 2150 1983 2180 et
2006 2158 2102 2181 conv.
2126 2151 2273 2182 monast.
2293 2159 2322 2181 s.
2339 2150 2412 2183 ste

805 2202 907 2242 phani
925 2203 965 2234 de
985 2202 1143 2239 Divione‚
1162 2202 1201 2234 O.
1226 2202 1259 2233 S.
1283 2202 1337 2240 A.,
1365 2211 1402 2233 ac
1419 2201 1559 2233 Henrici
1583 2202 1703 2233 decani
1726 2203 1759 2234 et
1781 2202 1882 2242 capit.
1909 2202 2048 2243 capellae
2073 2203 2171 2234 ducis
2194 2203 2410 2244 Burgundiae,

805 2256 886 2287 dicti
905 2256 971 2287 loci
990 2256 1030 2287 de
1047 2256 1204 2291 Divione‚
1226 2255 1268 2286 ad
1291 2256 1331 2287 R.
1352 2256 1390 2286 E.
1415 2255 1510 2286 nullo
1525 2255 1637 2287 medio
1657 2256 1794 2295 pertin„
1816 2255 2003 2296 Lingonen.
2029 2256 2090 2294 di.,
2109 2257 2310 2297 compositio
2327 2257 2413 2290 inita

805 2309 893 2340 inter
919 2309 1089 2349 quondam
1109 2308 1302 2348 Hugonem,
1321 2309 1403 2340 dicti
1428 2310 1573 2340 monast.
1601 2308 1769 2346 abbatem,
1789 2310 1821 2341 et
1841 2309 2013 2349 quondam
2033 2309 2173 2341 Petrum
2198 2309 2363 2342 decanum
2378 2311 2412 2342 et

805 2363 905 2402 capit.
924 2363 1020 2394 dictae
1038 2362 1186 2402 capellae,
1212 2371 1315 2402 super
1330 2362 1478 2393 diversis
1499 2362 1636 2402 juribus
1653 2363 1688 2393 in
1707 2363 1825 2394 eadem
1843 2363 1975 2403 capella
1997 2363 2038 2394 ad
2061 2363 2240 2403 praefatum
2264 2364 2410 2396 monast.

804 2416 926 2455 pertin.
964 2416 1126 2456 Sequitur
1152 2417 1249 2447 tenor
1270 2415 1423 2455 ejusdem
1447 2416 1707 2456 compositionis
1733 2415 1796 2447 sub
1824 2416 1904 2448 data
1927 2422 2015 2448 xviia
2039 2416 2093 2448 die
2120 2417 2250 2448 mensis
2282 2417 2411 2454 martii,

805 2478 892 2500 anno
909 2469 1088 2501 MCCCXI.
1107 2469 1158 2508 (A.
1175 2470 1224 2506 22,
1241 2468 1263 2500 f.
1281 2470 1373 2501 106ι
1378 2468 1447 2505 3V.
1464 2470 1515 2507 78,
1533 2478 1586 2509 ep.
1601 2469 1688 2509 597.)

849 2519 985 2552 21274.
1007 2539 1045 2544 —
1062 2522 1139 2554 Abb.
1156 2526 1285 2554 monast
1308 2532 1334 2553 s.
1352 2522 1487 2563 Beniqnz'
1507 2522 1682 2561 Divionen.,
1712 2523 1886 2564 Linqonen.
1906 2523 1964 2561 di.,
1988 2528 2015 2554 et
2031 2523 2146 2555 decano
2167 2523 2358 2562 Cabilonen„
2375 2533 2411 2555 ac

806 2574 939 2615 officiali
957 2574 1080 2606 Tercen
1104 2574 1176 2606 eccl.
1194 2576 1307 2607 mand.
1330 2577 1368 2606 ut
1393 2575 1567 2607 observari
1586 2575 1711 2607 faciant
1732 2577 2016 2616 compositionem
2035 2577 2156 2608 initam
2179 2577 2268 2609 inter
2284 2577 2408 2618 quond.

804 2629 984 2668 Hugonern
1002 2628 1078 2659 abb.
1098 2629 1131 2660 et
1145 2637 1241 2660 conv,
1261 2630 1407 2660 monast.
1425 2637 1452 2659 s.
1471 2628 1632 2668 Stephani
1649 2630 1690 2660 de
1707 2629 1866 2667 Divione‚
1891 2630 1930 2662 O.
1950 2630 1985 2662 S.
2005 2630 2059 2667 A.,
2077 2639 2120 2661 ex
2138 2639 2216 2667 una,
2234 2632 2267 2662 et
2284 2630 2408 2671 quond.

804 2681 943 2712 Petrum
960 2681 1125 2712 decanum
1140 2683 1173 2713 et
1187 2681 1288 2722 capit.
1308 2681 1446 2722 capellae
1462 2682 1559 2713 ducis
1576 2682 1792 2722 Burgundiae,
1808 2682 1916 2722 ejusd.
1935 2683 2000 2714 loci
2016 2683 2057 2714 de
2075 2683 2232 2721 Divione‚
2252 2683 2294 2715 ad
2306 2683 2348 2716 R.
2368 2684 2408 2716 E.

804 2734 898 2766 nullo
913 2734 1024 2766 medio
1040 2735 1176 2774 pertin„
1192 2735 1380 2775 Lingonen.
1397 2735 1457 2770 di.,
1477 2735 1633 2775 partibus
1653 2744 1694 2767 ex
1712 2735 1830 2771 altera,
1859 2744 1963 2776 super
1979 2736 2127 2767 diversis
2142 2736 2279 2776 juribus
2296 2737 2332 2768 in
2354 2745 2409 2769 ea-

804 2788 881 2819 dem
896 2787 1026 2827 capella
1041 2788 1083 2818 ad
1098 2788 1297 2828 praedictum
1312 2789 1457 2819 monast.
1477 2788 1600 2828 pertin.
1620 2789 1673 2829 (A.
1691 2789 1740 2824 22,
1761 2788 1784 2820 f.
1801 2790 1860 2820 405
1876 2788 1890 2810 b
1898 2798 1908 2825 3
1932 2789 1967 2820 V.
1988 2790 2038 2826 78,
2058 2798 2110 2829 ep.
2129 2791 2190 2822 599
2205 2791 2237 2821 et
2254 2791 2339 2829 750.)

849 2838 987 2870 21275.
1006 2858 1044 2862 -
1062 2841 1225 2872 Βενηανάο
1250 2841 1404 2872 Carazulo
1421 2841 1457 2872 de
1478 2841 1616 2882 Neapoli
1637 2841 1774 2873 collatio
1798 2851 1916 2874 canon.
1937 2842 2018 2874 eccl.
2043 2843 2273 2883 Neapolitan.,
2290 2843 2324 2874 in
2343 2852 2409 2884 qua

803 2895 916 2925 certus
929 2902 1002 2925 can.
1020 2902 1184 2925 numerus
1201 2895 1233 2926 et
1250 2894 1353 2934 praeb.
1373 2894 1547 2926 distinctio
1563 2903 1629 2926 non
1645 2894 1812 2926 habentur
1818 2905 1827 2932 ς
1845 2904 1911 2927 non
1926 2895 2013 2927 obst.
2029 2896 2209 2927 archidiac.
2228 2897 2263 2927 in
2279 2896 2408 2929 Ortana

804 2948 837 2978 et
854 2955 971 2978 canon.
991 2946 1025 2977 in
1040 2947 1161 2978 Baren.
1181 2947 1275 2982 eccl„
1299 2956 1336 2979 ac
1357 2956 1384 2979 s.
1409 2947 1597 2985 Laurentii,
1615 2948 1836 2984 Brundusin.‚
1856 2957 1883 2979 s.
1901 2949 2036 2981 Nicolai
2057 2949 2099 2980 de
2119 2949 2249 2987 Grecis,
2271 2949 2406 2987 Baren.‚

803 3009 830 3031 s.
851 3000 945 3031 Petri
963 2999 1271 3032 Archmanusculos
1290 3009 1327 3032 ac
1346 3009 1374 3031 s.
1397 3009 1425 3032 s.
1446 3001 1577 3033 Cosmae
1596 3003 1629 3032 et
1645 3001 1814 3039 Damiani,
1836 3002 1999 3042 Capuan„
2020 3002 2174 3033 ecclesiis
2194 3011 2324 3034 necnon
2339 3011 2408 3034 cer-
