2592 3562
485 339 738 371 APPENDICES
761 340 817 370 AD
839 340 984 372 NONUM
1007 341 1201 372 BULLARII
1223 341 1396 374 JOANNIS
1418 343 1508 373 XXII
1531 343 1688 376 ANNUM.
1713 363 1751 367 -
1771 347 2005 384 (1316-1334)
2199 349 2256 379 451

259 636 355 670 Niciae,
374 635 391 663 7
407 643 469 663 nov.
492 634 579 662 1324.

234 847 324 884 Apud
334 847 491 883 carpellam
499 847 535 875 1x
545 855 608 875 nov.

379 892 468 921 1324.

241 1062 275 1089 11
293 1065 321 1088 et
337 1060 376 1089 30
393 1069 469 1092 nov.,
491 1061 521 1095 2,
545 1060 572 1093 θ,
593 1061 612 1089 8

301 1109 328 1133 et
345 1106 363 1133 9
379 1105 437 1133 dec.
457 1104 546 1133 1324.

349 1149 410 1177 Ind.
428 1149 500 1177 vll·.

312 1221 349 1249 13
366 1229 430 1248 nov.
451 1220 538 1248 1325.

314 1485 350 1513 15
368 1493 433 1513 nov.
455 1485 543 1513 1324.

247 1698 284 1727 18
303 1699 427 1727 nou-23
447 1699 505 1727 dec.
526 1698 615 1727 4324.

314 1912 354 1940 20
371 1920 434 1940 nov.
456 1912 544 1941 1321.

315 2071 355 2099 28
372 2078 436 2098 nov.
456 2070 545 2100 1324.

342 2442 369 2476 A
376 2441 512 2475 venione
517 2467 524 2474 .

320 2494 361 2523 28
377 2503 439 2523 nov.
460 2494 549 2523 4324.

358 2538 419 2567 Ind.
436 2538 510 2567 vl1·.

249 2663 275 2691 A
291 2663 333 2691 ΙΙ·
348 2662 394 2690 die
411 2661 469 2690 dec.
490 2661 569 2689 4324
585 2660 624 2689 ad

246 2707 344 2736 *nl-¹³²
358 2707 430 2735 diem
443 2709 514 2743 sept.
531 2705 620 2734 1331.

337 2927 355 2956 5
371 2927 429 2955 dec.
450 2927 540 2956 1324.

364 2972 424 3000 lud.
442 2971 514 3000 V11·.

665 527 780 564 lelmo,
799 537 816 559 e
840 529 1017 559 Puteolan.
1045 529 1087 559 ad
1108 530 1272 560 Aversan.
1296 530 1376 560 eccl.
1403 532 1489 562 auct.
1508 534 1615 570 apost.
1640 534 1818 569 translato,
1835 534 2008 567 fidelitatis
2034 536 2155 568 debitae
2169 537 2259 577 jura-

665 582 829 618 mentum,
846 581 883 612 E.
902 582 944 613 R.
963 582 1111 613 nomine.
1127 580 1299 621 (Oriqinale
1318 585 1511 621 cartaceum.)

711 631 848 663 23145.
866 652 904 656 -
926 635 1090 674 Lagerius
1114 635 1279 665 Armandi
1307 635 1464 666 officialis
1486 637 1616 668 Nicien.
1640 639 1679 669 de
1698 640 1855 671 mandato
1874 641 2042 679 Gasberti‚
2062 642 2129 681 ep.i
2145 644 2260 674 Arela-

663 687 746 721 ten.‚
765 686 868 726 Papae
887 687 1076 722 camerarii,
1093 689 1206 719 monet
1228 688 1328 727 capit.
1346 688 1426 718 ecel.
1445 689 1576 720 Nicien.
1596 691 1632 720 ut
1649 690 1737 721 infra
1758 702 1816 723 v111
1837 693 1909 724 dies
1926 694 2173 734 eleemosynas,
2198 704 2260 734 pro

666 739 919 779 impugnatione
948 740 1127 771 rebellium
1148 741 1186 771 E.
1212 741 1254 772 R.
1278 740 1425 779 partium
1445 742 1655 774 Lombardiae
1678 744 1848 780 collectas,
1868 746 2105 778 collectoribus
2123 756 2141 778 a
2166 748 2199 779 S.
2218 749 2258 779 A.

666 792 836 832 deputatis
855 793 1039 832 assignent.
1054 793 1154 834 (Om'q.
1170 794 1276 837 per-q.)-

712 843 847 875 23146.
866 864 904 869 -
922 846 1101 877 Guillclmus
1118 856 1204 887 epus
1229 846 1348 877 Uticen.
1370 846 1490 878 scribit
1512 848 1549 879 B.
1568 848 1736 888 archiep.o
1754 850 1946 881 Narbonen.
1963 859 1999 882 se
2018 852 2186 891 recepisse
2203 853 2259 884 lit-

665 900 755 930 teras
771 899 845 939 ejus
862 901 1074 930 continentes
1089 908 1269 939 processus
1287 907 1347 939 per
1364 900 1397 931 S.
1413 901 1454 930 A.
1470 899 1604 932 habitos
1618 904 1733 933 contra
1750 903 1959 934 Ludovicum
1977 904 2094 935 ducem
2112 906 2260 936 Bavariae

667 953 699 983 et
716 952 806 983 filios
831 952 965 984 Mathaei
988 953 1028 984 de
1044 952 1312 984 Vicecomitibus
1327 952 1367 983 de
1381 953 1584 984 Mediolano.
1603 954 1701 994 (Ονὶρ.
1719 960 1888 986 cartaceum
1904 965 2037 996 parvum
2056 958 2142 997 cujus
2158 957 2260 998 deficit

667 1005 802 1045 siqillum
815 1005 952 1046 episcopi
968 1015 1048 1035 nunc
1064 1005 1202 1036 totaliter
1214 1005 1369 1044 deletum.)

713 1055 849 1087 23147.
865 1077 904 1081 -
931 1058 1122 1089 Publicatio
1141 1067 1323 1097 processus
1345 1059 1461 1089 contra
1480 1059 1691 1091 Ludovioum
1716 1061 1834 1091 ducem
1851 1061 2002 1093 Bavariae
2016 1063 2051 1093 in
2072 1062 2262 1101 Ebroicen.‚

669 1119 696 1142 s.
714 1111 856 1143 Andreae
873 1114 906 1142 in
918 1111 1077 1149 Marchia,
1091 1102 1118 1142 s.
1135 1111 1270 1143 Nicolai
1285 1111 1514 1150 Bellimontis,
1529 1113 1566 1143 Β.
1583 1113 1626 1144 M.
1645 1113 1684 1144 de
1696 1113 1878 1145 Locoveris
1896 1116 1928 1146 et
1941 1116 1979 1146 B.
1995 1116 2039 1146 Μ.
2058 1115 2262 1152 Vernonen.‚

610 1163 612 1166 ’
668 1164 845 1196 Ehroicen.
863 1164 922 1202 di„
944 1164 1025 1196 eccl.
1043 1163 1142 1205 (Oriq.
1158 1166 1261 1205 perq.)

714 1214 851 1246 23148.
865 1235 903 1240 -
926 1217 1117 1249 Publicatio
1142 1226 1366 1257 processuum
1383 1219 1499 1249 contra
1518 1218 1607 1250 filios
1632 1219 1766 1250 Mathaei
1784 1220 1823 1251 de
1844 1219 2110 1252 vicecomitibus
2136 1222 2176 1253 de
2197 1223 2263 1254 Me·

669 1270 805 1302 diolano
822 1270 858 1301 in
881 1271 1029 1302 claustro
1047 1271 1191 1302 fratrum
1211 1270 1382 1302 Minorum
1399 1271 1542 1308 Tolosae,
1563 1272 1597 1302 in
1619 1273 1854 1311 praedicatorio
1871 1282 1931 1304 seu
1957 1274 2113 1305 cathedra
2132 1274 2189 1305 ubi
2205 1283 2266 1314 per

669 1323 793 1355 fratres
810 1323 931 1354 diebus
949 1323 1084 1355 festivis
1099 1324 1189 1355 clero
1203 1333 1240 1355 ac
1256 1324 1472 1355 universitati
1491 1325 1597 1356 studii
1611 1325 1772 1356 Tolosani
1788 1327 1986 1358 consuetum
2004 1328 2055 1358 est
2071 1328 2263 1367 praedicare.

669 1377 793 1408 Actum
814 1377 868 1408 die
884 1377 1004 1408 martis
1022 1377 1057 1408 in
1081 1377 1168 1408 festo
1192 1377 1281 1409 beati
1306 1377 1411 1408 Bricii
1435 1377 1502 1417 ep.i
1519 1380 1550 1409 et
1577 1379 1782 1410 confessoris
1800 1381 1836 1410 13
1859 1387 1935 1410 nov.
1953 1380 2042 1410 1324.
2062 1379 2160 1420 (Or-iq.
2178 1390 2265 1421 ρον-9.

668 1430 825 1470 parvum.)

717 1481 852 1513 23149.
870 1501 909 1507 —
930 1484 1092 1515 Instrum.
1114 1493 1180 1524 quo
1201 1485 1332 1515 constat
1348 1484 1497 1515 Joannem
1517 1485 1553 1515 de
1570 1485 1700 1526 Villeyo‚
1723 1486 1887 1517 decanum
1906 1486 1985 1518 eccl.
2000 1486 2032 1517 b.
2052 1487 2210 1527 Dionysii
2228 1488 2268 1519 de

635 1581 638 1584 Δ
662 1537 847 1578 vergerio,
864 1537 1058 1577 publicasse
1079 1538 1114 1568 in
1133 1537 1222 1568 dicta
1246 1538 1326 1568 eccl.
1346 1538 1478 1569 litteras
1495 1540 1603 1577 apost.
1631 1538 1697 1569 sibi
1712 1540 1933 1570 transmissas
1959 1540 1999 1570 ab
2017 1549 2092 1579 ep.o
2109 1541 2266 1579 AEduen.,

672 1600 816 1630 quarum
836 1591 966 1622 tenoris
982 1591 1109 1622 mentio
1134 1590 1228 1621 nulla
1245 1590 1293 1621 fit.
1310 1591 1430 1622 Actum
1448 1591 1502 1622 die
1521 1591 1611 1631 jovis
1629 1593 1706 1631 post
1728 1591 1853 1623 festum
1869 1592 1959 1623 beati
1980 1593 2118 1624 Martini
2131 1593 2267 1633 hyema-

672 1644 716 1675 lis
732 1645 821 1676 1324.
841 1643 937 1685 (or-iq.
954 1654 1044 1685 ρον-9.
1060 1644 1218 1685 parvum.)

717 1694 854 1727 23150.
874 1714 910 1720 —
928 1697 1149 1728 Publicantur
1170 1706 1350 1736 processus
1372 1698 1488 1728 contra
1511 1698 1719 1729 Ludovicum
1745 1698 1863 1729 ducem
1879 1698 2030 1730 Bavariae
2046 1700 2078 1730 et
2095 1699 2185 1730 filios
2202 1699 2267 1730 Ma·

672 1751 751 1782 thaei
765 1751 805 1782 de
822 1751 1088 1783 vicecomitibus
1103 1751 1142 1782 de
1158 1750 1348 1782 Mediolano
1365 1751 1399 1781 in
1414 1751 1548 1782 civitate
1562 1753 1594 1782 et
1608 1751 1653 1781 di.
1671 1751 1802 1783 Uticen.
1815 1751 1913 1791 (Oriq.
1929 1761 2013 1792 perq.
2031 1751 2152 1792 lonqum
2165 1762 2269 1783 novem

671 1805 765 1845 petiis
784 1804 910 1835 insimul
930 1800 1009 1835 sulis'
1024 1809 1165 1835 constans
1189 1810 1216 1835 ec
1238 1804 1396 1835 continens
1418 1803 1518 1834 decem
1535 1805 1736 1834 instrumenta
1751 1814 1843 1845 super
1866 1804 1990 1835 totidem
2006 1805 2268 1846 publicationibus

674 1858 825 1889 dictorum
838 1867 1030 1898 processuum
1047 1858 1212 1897 confecta.)

718 1909 856 1941 23151.
879 1929 916 1934 --
938 1911 1129 1943 Publicatio
1159 1919 1381 1950 processuum
1407 1912 1522 1942 contra
1552 1911 1762 1942 Ludovicum
1792 1911 1911 1942 ducem
1940 1911 2090 1942 Bavariae
2121 1911 2156 1942 in
2188 1912 2266 1942 eccl.

674 1973 701 1996 s.
716 1965 855 2005 Georgii
879 1965 919 1996 de
938 1965 1096 2002 Vinonia,
1118 1964 1289 1995 pictaven.
1308 1964 1353 1994 di.
1378 1964 1499 1996 Actum
1516 1964 1570 1995 die
1595 1964 1715 1995 martis
1733 1966 1809 1995 ante
1828 1965 1954 1995 festum
1973 1964 2062 1995 beati
2085 1964 2269 1996 Clementis

674 2027 791 2050 mense
807 2017 1002 2049 novembris
1023 2019 1112 2049 1324.
1134 2017 1232 2057 (θήρ.
1246 2019 1351 2058 perq.)

718 2069 855 2101 23152.
873 2089 911 2094 -
927 2072 1090 2103 Instrum.
1107 2080 1173 2111 quo
1190 2072 1321 2102 constat
1339 2070 1535 2102 Guillelmum
1554 2071 1701 2110 Gervasii,
1715 2080 1788 2102 can.
1807 2071 1886 2102 eccl.
1908 2080 1935 2102 s.
1954 2070 2086 2102 Ceciliae
2109 2071 2150 2101 de
2167 2069 2268 2108 Urbe,

674 2126 929 2165 procuratorem
949 2125 1094 2156 monast.
1112 2133 1140 2156 s.
1158 2124 1251 2155 Petri
1272 2125 1313 2155 ad
1331 2126 1434 2155 Aram
1461 2125 1501 2155 de
1515 2125 1672 2164 Neapoli,
1689 2125 1858 2163 recepisse
1876 2123 2063 2155 cessionem
2086 2124 2183 2155 terrae
2200 2123 2272 2155 sitae

675 2178 710 2209 in
727 2178 882 2218 partibus
898 2177 1023 2209 casalis
1044 2177 1209 2214 Centoris,
1229 2177 1265 2208 in
1280 2177 1354 2209 loco
1370 2177 1428 2208 ubi
1449 2177 1572 2208 dicitur
1588 2177 1795 2213 Allalanum,
1813 2177 1853 2208 de
1868 2176 2039 2208 territorio
2055 2176 2190 2214 Nolan.,
2207 2176 2271 2207 fac-

675 2232 745 2262 tam
769 2239 829 2270 per
846 2230 994 2270 judicem
1011 2231 1176 2261 Joannem
1198 2230 1424 2262 Stermarium
1440 2231 1472 2262 et
1489 2230 1667 2262 Nicolaum
1684 2230 1790 2260 tilium
1813 2230 1896 2269 ejus,
1911 2230 2031 2261 Nolan.
2047 2238 2132 2267 can„
2149 2229 2207 2269 qui
2224 2237 2274 2260 re*

677 2285 906 2324 cognoverunt
934 2292 969 2314 se
989 2283 1123 2314 nullum
1141 2283 1200 2323 jus
1218 2283 1342 2314 habere
1358 2283 1394 2314 in
1417 2284 1510 2315 terra
1528 2283 1698 2323 praedicta,
1716 2283 1775 2314 sed
1801 2283 1911 2322 ipsam
1937 2282 2104 2322 pertinere
2127 2283 2271 2313 monast.

678 2336 888 2377 supradicto.
906 2337 1029 2367 Actum
1043 2336 1097 2367 die
1114 2336 1273 2367 mercurii
1287 2331 1652 2373 1'324‚XXV111anov.,
1663 2336 1731 2367 ind.
1744 2336 1853 2372 vma,
1870 2336 1957 2375 apud
1973 2335 2092 2367 Casale
2109 2334 2274 2366 Calitzani

677 2390 844 2421 territorii
859 2389 964 2421 Nolae.
983 2389 1080 2430 (Oriq.
1092 2388 1198 2430 perq.)

723 2439 863 2473 23153.
878 2460 916 2465 -
930 2441 1168 2473 lldebrandinus
1177 2451 1263 2482 epus
1277 2441 1434 2479 Paduam,
1445 2443 1480 2473 in
1496 2442 1694 2474 executione
1705 2443 1818 2474 mand.
1830 2443 1929 2482 Papae
1945 2442 1978 2482 (v
1993 2442 2062 2473 kal.
2080 2442 2143 2473 oct.
2157 2449 2186 2472 a.
2200 2441 2274 2480 IX),

678 2495 799 2527 scribit
815 2505 902 2536 ep.o,
918 2495 1018 2535 capit.
1037 2497 1069 2527 et
1085 2495 1231 2535 singulis
1245 2504 1315 2527 can.
1334 2495 1519 2527 Moravien.
1537 2497 1574 2527 ut
1587 2495 1778 2533 Nicolaum,
1796 2497 1913 2526 natum
1928 2494 2065 2527 Senucii
2081 2494 2222 2526 Benucii
2235 2494 2276 2525 de

678 2549 864 2586 Florentia,
883 2549 1046 2589 recipiant
1060 2549 1095 2579 in
1112 2557 1186 2580 can.
1198 2557 1316 2580 eorum
1330 2548 1411 2580 eccl.
1422 2550 1454 2580 et
1470 2548 1537 2588 ipsi
1555 2548 1671 2588 praeb.‚
1687 2557 1762 2580 cum
1777 2548 1957 2585 vacaverit,
1973 2547 2156 2579 conferant.
2173 2546 2274 2587 (Θήρ.

677 2612 766 2644 perq.
782 2612 848 2632 cum
869 2601 994 2632 cordula
1008 2601 1105 2632 rubeae
1118 2601 1245 2641 sericae.)

723 2651 861 2686 23154.
879 2672 919 2678 —
933 2655 1099 2695 Computa
1115 2654 1324 2686 solutionum
1338 2663 1461 2685 census
1475 2654 1640 2686 ordinarii
1657 2654 1822 2686 factarum
1838 2662 1897 2694 per
1912 2662 2026 2693 regem
2041 2652 2176 2684 Siciliae.
2197 2652 2275 2690 (Ins-

679 2714 771 2739 trum.
789 2712 958 2739 cartaceum
982 2707 1105 2748 lonqum
1121 2708 1253 2749 quinque
1270 2707 1358 2748 soliis
1373 2707 1498 2738 insimul
1512 2708 1588 2738 sutis
1608 2711 1760 2744 constans,
1779 2707 1865 2748 cujus
1883 2710 2014 2747 quatuor
2033 2705 2179 2746 praedicta
2199 2714 2274 2735 com-

675 2766 755 2804 puta
777 2761 944 2803 respiciunt
966 2766 996 2792 et
1018 2762 1156 2802 quintum
1181 2761 1316 2791 continet
1339 2770 1486 2791 summum
1507 2761 1760 2802 procurationum
1777 2770 1835 2801 per
1852 2759 2021 2798 Po[ntium]
2047 2757 2082 2788 de
2105 2757 2226 2788 Crescio
2247 2760 2276 2788 et

679 2815 831 2855 P[etrum]
848 2815 976 2852 Marini,
991 2825 1009 2845 a
1026 2819 1160 2855 tempore
1176 2815 1256 2845 citra
1270 2824 1328 2855 quo
1341 2814 1462 2844 iverunt
1478 2813 1520 2845 ad
1533 2819 1637 2855 parles
1655 2812 1856 2850 Lombardiae,
1872 2812 1908 2843 de
1922 2811 2063 2852 pecuniis
2080 2810 2214 2842 Camerae
2229 2819 2273 2840 rc-

680 2873 837 2910 ceptarum
853 2878 872 2899 α
883 2867 931 2899 die
956 2867 1045 2899 VIII*
1053 2867 1117 2909 jul.
1142 2869 1220 2898 1324
1241 2877 1333 2908 usque
1346 2867 1388 2898 ad
1402 2877 1530 2898 mensem
1547 2867 1654 2898 martii
1668 2868 1772 2905 1328.)

724 2919 861 2952 23155.
879 2939 915 2945 —
933 2922 1097 2953 Instrum.
1120 2930 1223 2960 super
1244 2920 1474 2961 publicatione
1492 2928 1716 2961 processuum
1732 2920 1847 2950 contra
1869 2917 1959 2948 filios
1974 2915 2106 2948 Mathaei
2125 2915 2165 2946 de
2178 2915 2275 2948 Vice-

680 2975 863 3007 comitibus
878 2975 919 3007 de
933 2975 1125 3007 Mediolano
1147 2974 1235 3006 facta
1255 2983 1274 3006 a
1286 2974 1388 3006 Petro
1407 2974 1448 3005 de
1466 2973 1629 3011 Bononia,
1648 2973 1761 3013 priore
1779 2979 1873 3003 conv.
1889 2969 1972 3010 regii
1986 2969 2128 3007 fratrum
2146 2968 2274 3000 Eremi-

395 3071 541 3100 JOANNIS
557 3070 641 3101 xxn.
663 3085 698 3091 -
716 3070 747 3099 Τ.
769 3070 803 3100 v.
1434 3062 1437 3066 “
2100 3064 2135 3091 57
