2592 3562
487 387 739 420 APPENDICES
762 387 818 417 AD
840 385 986 416 NONUM
1009 385 1204 416 BULLARII
1225 383 1399 414 JOANNIS
1422 384 1513 414 XXII
1536 384 1695 415 ANNUM.
1720 402 1757 407 —
1781 387 2017 424 (1316-1334)
2204 388 2263 418 465

312 580 349 608 16
364 580 431 606 maii
450 578 537 606 «1325.

309 685 350 713 20
366 686 434 712 maii
451 684 538 712 1325.

341 729 401 757 [nd.
422 729 508 756 vl11·.

307 845 349 872 26
365 845 434 872 maii
453 843 539 871 1325.

335 890 397 917 Ind.
418 889 507 917 vl11·.

308 1005 346 1033 3!
364 1006 432 1033 maii
451 1005 538 1033 1325.

321 1112 339 1139 9
352 1111 419 1145 Jun.
443 1111 528 1139 1325.

338 1156 400 1184 1nd.
423 1157 506 1184 ww.

384 1218 420 1245 Ut
437 1226 461 1245 s.

383 1271 419 1299 Ut
435 1280 458 1298 s.

310 1374 347 1401 10
361 1374 427 1408 jun.
447 1374 535 1403 4325.

341 1419 402 1446 lnd.
419 1419 505 1447 vl11·.

311 1535 345 1563 14
360 1535 427 1570 jun.
450 1536 537 1564 1325.

308 1640 349 1667 23
361 1640 426 1675 jun.
446 1641 535 1669 1325.

338 1684 399 1714 lud.
417 1685 505 1718 Vlw,

236 1728 353 1757 Joannis
361 1730 433 1757 XXI!
441 1739 516 1758 anno
522 1739 608 1760 nono.

309 1801 349 1828 24
360 1802 427 1836 jun.
450 1801 537 1830 1325.

338 1846 400 1874 Ind.
423 1846 511 1879 Vl11·,

234 1889 352 1917 Joannis
358 1890 430 1917 XXII
437 1899 514 1919 anno
520 1899 608 1920 nono.

306 1958 347 1987 25
360 1959 428 1994 jun.
449 1961 536 1990 1325.

338 2003 399 2033 lud.
420 2005 506 2038 VIII¹,

234 2046 352 2076 Joannis
362 2049 611 2079 XXIlannonono.

306 2119 347 2146 29
360 2120 428 2154 Jun.
451 2121 538 2149 4325.

340 2165 402 2192 lnd.
421 2165 505 2194 νην.

234 2332 389 2368 Miromaqn
408 2333 497 2368 3jul.
519 2335 607 2365 1325.

336 2377 396 2406 lud.
420 2379 507 2407 V111·.

324 2493 341 2520 7
353 2493 411 2528 jul.
431 2494 519 2523 1325.

379 2600 416 2629 Ut
434 2610 457 2628 s.

319 2654 336 2681 7
350 2654 409 2689 Juz.
430 2655 519 2684 1325.

334 2699 395 2727 [nd.
416 2700 503 2730 νην.

380 2815 416 2844 Ut
436 2825 459 2843 s.

268 2924 373 2953 Datum
386 2922 572 2958 Neritonii.

313 2972 348 3001 17
362 2974 421 3009 jul.
442 2975 532 3004 4325.

334 3020 395 3048 lnd.
416 3019 503 3048 ww.

710 572 847 605 23336.
863 575 996 605 —Item
1013 574 1052 604 de
1069 571 1286 612 processibus
1302 573 1418 602 contra
1434 572 1524 603 filios
1536 572 1671 603 Mathaei
1683 573 1723 604 de
1734 574 2003 607 vicecomitibus
2019 576 2054 607 in
2070 576 2150 608 eccl.
2161 585 2189 607 s.
2201 577 2265 608 Do-

665 628 782 660 minici
798 628 836 660 O.
853 628 892 658 F.
910 627 947 658 P.
963 626 1113 658 civitatis
1129 625 1263 656 Pennae.
1281 624 1439 663 (Ar-mario
1460 624 1495 662 C,
1512 626 1591 665 fasc.
1607 626 1657 660 45,
1675 636 1707 655 n.
1725 629 1759 662 4,-
1777 627 1880 666 perq.)

712 675 846 710 23337.
862 698 900 704 —-
916 681 1079 711 Instrum.
1097 678 1338 718 publicationis
1351 686 1574 718 processuum
1590 679 1706 709 contra
1721 679 1931 711 Ludovicum
1946 681 2113 713 Bavarum
2127 684 2158 714 et
2175 683 2266 714 filios

666 734 801 766 Mathaei
819 734 859 765 de
884 732 1151 765 Vicecomitibus
1173 731 1208 762 in
1225 731 1368 762 ecclesia
1390 740 1418 762 s.
1436 731 1607 762 Dominici
1625 732 1725 762 terrae
1745 732 1868 771 Fogiae.
1889 732 2047 771 (Armario
2067 733 2102 771 C,
2118 735 2196 775 fasc.
2214 737 2265 773 55,

668 798 698 819 η.
714 789 767 824 10,-
784 787 887 828 perq.)

711 838 848 871 23338.
865 858 901 863 -—
917 840 1080 871 Instrum.
1104 838 1346 878 publicationis
1370 846 1593 877 processuum
1616 839 1733 869 contra
1748 837 1958 869 Ludovicum
1980 839 2100 871 ducem
2115 842 2267 874 Bavariae

666 895 701 926 in
719 894 799 926 eccl.
819 903 847 925 s.
864 893 1036 925 Dominici
1054 894 1152 924 terrae
1175 892 1321 924 Ortonae.
1341 891 1501 931 (Armario
1523 890 1557 925 C,
1577 891 1654 930 fasc.
1672 892 1722 927 51,
1739 901 1768 922 n.
1790 892 1844 927 24,
1860 901 1950 932 perq.
1969 893 2120 930 strictum,
2138 894 2190 925 sed
2203 894 2267 925 lon·

665 948 766 988 qum.)

712 998 847 1030 23339.
864 1017 902 1023 -
928 999 1161 1031 Inventarium
1186 1006 1298 1029 rerum
1330 996 1563 1036 depositarum
1579 997 1615 1028 in
1632 997 1810 1029 duodecim
1838 997 1992 1037 cophinis
2022 999 2188 1031 Friderici
2217 1009 2267 1031 ar-

667 1054 790 1094 chiep.i
805 1053 977 1093 pugensis,
994 1052 1154 1091 (Armario
1167 1050 1201 1088 C,
1218 1051 1296 1090 fasc.
1315 1051 1370 1087 80;
1388 1051 1586 1089 cartae-eum.)

711 1104 845 1136 23340.
860 1124 898 1129 -
914 1106 1075 1137 Instrum.
1092 1104 1267 1144 publicum
1290 1104 1330 1135 de
1347 1103 1578 1143 publicatione
1601 1112 1824 1143 processuum
1840 1107 1957 1136 contra
1978 1106 2189 1138 Ludovicum
2208 1107 2269 1139 Ba·

665 1169 784 1192 varum
802 1160 837 1190 in
852 1159 974 1199 majori
988 1158 1068 1191 eccl.
1085 1158 1260 1190 Gaietana.
1282 1157 1440 1195 (Armario
1456 1156 1492 1193 C,
1508 1157 1585 1196 fasc.
1601 1158 1651 1192 59,
1670 1167 1700 1188 n.
1717 1159 1751 1193 4,-
1767 1158 1872 1198 perq.)

711 1210 847 1243 23341.
864 1229 901 1235 -
917 1213 1004 1244 Item
1020 1212 1055 1243 in
1072 1211 1193 1251 majori
1206 1210 1351 1242 ecclesia
1366 1211 1547 1250 Tropensi.
1568 1210 1727 1250 (Armario
1747 1210 1782 1247 C,
1798 1211 1878 1251 fasc.
1897 1213 1948 1249 51,
1967 1222 1998 1242 n.
2017 1213 2070 1249 183
2084 1213 2188 1253 perq.)

709 1263 849 1297 23342.
867 1284 906 1288 -
920 1265 1055 1298 Relatio
1073 1264 1315 1305 publicationis
1328 1271 1551 1304 processuum
1566 1265 1682 1295 contra
1696 1264 1785 1295 filios
1799 1264 1933 1296 Mathaei
1946 1265 1987 1296 de
2000 1266 2268 1299 vicecomitibus

665 1321 761 1352 factae
774 1321 810 1351 in
826 1321 918 1351 terra
933 1318 1089 1350 Laboris.
1109 1317 1267 1357 (Ar-mario
1287 1317 1323 1355 C,
1338 1317 1415 1357 fasc.
1432 1319 1483 1354 42,
1505 1327 1536 1347 η.
1551 1319 1606 1354 20,-
1620 1319 1725 1358 perq.)

709 1370 847 1404 23343.
866 1390 903 1395 -
920 1372 1048 1404 Littera
1073 1371 1226 1402 Barnabae
1248 1371 1313 1412 epa·
1331 1370 1486 1412 Oppiden.
1510 1371 1552 1402 ad
1574 1371 1791 1410 Ingaramum
1816 1371 2026 1411 archiep.um
2050 1372 2201 1412 Capuan.
2228 1374 2269 1405 de

664 1427 894 1468 publicatione
915 1434 1138 1466 processuum
1153 1426 1270 1456 contra
1285 1424 1497 1456 Ludovicum
1512 1425 1682 1456 Bavarum
1700 1424 1788 1455 facta
1806 1425 1840 1456 in
1860 1425 1981 1464 majori
1996 1426 2076 1457 eccl.
2098 1426 2265 1466 Oppiden.

664 1481 703 1523 (Α
711 1481 824 1511 rmario
844 1478 880 1518 C,
896 1479 973 1520 fasc.
992 1480 1043 1517 54,
1059 1489 1090 1509 n.
1105 1480 1142 1509 13
1149 1488 1159 1516 ;
1176 1483 1348 1509 cartaceum
1363 1477 1466 1518 siqillo
1484 1477 1561 1508 dicti
1577 1478 1640 1518 ep.i
1655 1478 1834 1521 munitum.)

709 1530 847 1564 23344.
867 1551 904 1556 -
917 1533 1187 1564 Instrumentum
1208 1531 1477 1563 denuntiationis
1494 1539 1716 1571 processuum
1735 1532 1850 1563 contra
1869 1532 2080 1563 Ludovicum
2100 1533 2269 1564 Bavarum

666 1588 761 1619 factae
776 1596 835 1627 per
851 1595 1029 1618 commune
1047 1585 1150 1617 castri
1166 1585 1314 1617 Cascini.
1330 1584 1488 1623 (Armario
1506 1584 1542 1621 C,
1557 1585 1636 1624 fasc.
1652 1586 1703 1622 60,
1722 1594 1752 1615 η.
1772 1587 1808 1616 17
1815 1594 1825 1621 3
1841 1594 1931 1626 ρον-9.
1951 1585 2100 1625 lonqum.)

710 1637 849 1671 23345.
868 1658 906 1663 -
927 1640 1197 1671 Instrumentum
1211 1638 1454 1678 publicationis
1470 1646 1693 1678 processuum
1710 1639 1827 1669 contra
1844 1639 2054 1670 Ludovicum
2070 1639 2189 1671 ducem
2206 1641 2270 1672 Ba-

664 1695 768 1726 variae
783 1694 818 1725 in
834 1694 914 1726 ecel.
933 1702 960 1724 s.
978 1692 1165 1730 Dominici,
1184 1692 1223 1724 O.
1242 1693 1280 1723 F.
1299 1692 1351 1730 Ρ.,
1370 1692 1411 1723 de
1427 1691 1583 1731 Neapoli.
1602 1692 1762 1730 (Armorio
1781 1691 1816 1727 C,
1835 1692 1914 1732 fasc.
1932 1693 1982 1730 50,
2000 1702 2032 1722 n.
2049 1694 2083 1730 4;
2103 1693 2210 1734 ρετ-9.)

711 1797 848 1829 23346.
864 1816 901 1820 -
915 1798 1050 1830 Relatio
1065 1797 1307 1838 publicationis
1322 1805 1544 1837 processuum
1560 1798 1677 1828 contra
1690 1796 1780 1828 filios
1796 1797 1931 1828 Mathaei
1947 1797 1987 1828 de
2003 1797 2271 1829 Vicecomitibus

666 1853 759 1885 factae
784 1853 819 1884 in
842 1852 986 1884 ecclesia
1011 1861 1038 1882 s.
1062 1851 1235 1883 Dominici
1258 1851 1296 1882 Ο.
1312 1851 1350 1894 F.
1368 1851 1405 1882 Ρ.
1422 1851 1638 1890 Neapolitan.
1663 1850 1823 1889 (Ar-mario
1843 1850 1879 1886 C,
1894 1850 1973 1890 fasc.
1989 1852 2041 1887 42,
2061 1860 2091 1881 n.
2107 1851 2163 1888 283
2179 1861 2268 1892 per-9.

664 1907 817 1943 strictum,
832 1905 885 1936 sed
902 1905 1049 1946 lonqum.)

710 1957 848 1990 23347.
866 1977 905 1982 -
922 1959 1084 1990 Instrum.
1104 1957 1348 1997 publicationis
1365 1966 1588 1997 processuum
1609 1959 1726 1988 contra
1743 1957 1955 1988 Ludovicum
1978 1957 2098 1989 ducem
2120 1958 2272 1989 Bavariae

665 2014 700 2046 in
716 2014 796 2045 eccl.
812 2012 1036 2044 Armachana.
1049 2011 1206 2052 (Armario
1225 2011 1262 2046 C,
1275 2011 1354 2051 fasc.
1370 2012 1421 2048 52,
1438 2021 1469 2041 n.
1485 2012 1525 2042 25
1534 2019 1544 2046 3
1561 2020 1652 2052 perq.
1671 2021 1736 2041 cum
1750 2010 1830 2041 vitta
1844 2010 2075 2042 membranacea
2083 2020 2093 2047 3
2111 2011 2269 2049 Theiner‚

666 2067 862 2098 Monumenta
878 2066 1025 2096 historica
1042 2064 1247 2095 Hiber-norum
1264 2069 1291 2095 et
1302 2064 1477 2101 Scotorum,
1493 2065 1517 2095 t.
1536 2064 1563 2101 Ι,
1578 2074 1611 2104 p.
1628 2065 1700 2099 229,
1718 2064 1791 2095 doc.
1810 2064 2026 2105 CCCCLVI.)

711 2117 846 2150 23348.
864 2138 902 2143 -
924 2119 1061 2151 Litterae
1082 2118 1219 2159 Roqerii,
1246 2117 1535 2158 archipresbyteri
1562 2126 1589 2148 s.
1609 2117 1752 2149 Joannis
1775 2117 1816 2149 de
1840 2117 1963 2157 Ipisro,
1987 2119 2020 2149 et
2046 2117 2176 2156 leomae‚
2197 2127 2271 2149 can.

667 2174 746 2206 eccl.
759 2173 1052 2210 Embriaticensis,
1071 2172 1114 2204 ad
1124 2171 1334 2212 archiep.um
1348 2172 1499 2211 Capuan.
1515 2171 1557 2202 de
1569 2171 1830 2211 praesentatione
1844 2179 2066 2211 processuum
2080 2173 2197 2203 contra
2207 2172 2274 2203 Lu-

666 2227 823 2259 dovicum
838 2227 1007 2258 Bavarum
1022 2226 1058 2256 in
1072 2227 1164 2257 terra
1182 2225 1222 2257 de
1242 2225 1334 2261 Lim,
1354 2224 1399 2256 di.
1418 2224 1661 2256 Embriaticen.
1679 2224 1840 2264 (Ar-mario
1858 2223 1893 2259 C,
1910 2224 1989 2264 fasc.
2005 2226 2055 2263 54,
2074 2235 2105 2255 n.
2127 2226 2165 2255 12
2171 2234 2180 2261 ;
2200 2234 2270 2255 car-

666 2285 782 2311 taceam
799 2289 930 2321 parvum
947 2289 1014 2310 cum
1031 2278 1147 2309 duobus
1156 2277 1299 2319 parvulis
1315 2277 1429 2318 siqillis
1446 2278 1566 2316 cereis.)

710 2329 844 2363 23349.
866 2351 904 2356 -
918 2333 1048 2364 Littera
1070 2332 1135 2373 ep.i
1157 2331 1322 2363 cassanen.
1344 2340 1411 2372 qua
1426 2331 1529 2363 refert
1546 2331 1816 2371 publicationem
1836 2340 2058 2371 processuum
2073 2333 2191 2363 contra
2206 2332 2271 2363 Lu-

665 2387 822 2420 dovicum
846 2388 1014 2419 Bavarum
1034 2386 1159 2421 factam
1182 2385 1301 2416 fuisse.
1331 2385 1490 2424 (Armario
1510 2383 1546 2420 C,
1563 2385 1643 2425 fasc,
1664 2386 1716 2423 51,
1732 2395 1763 2415 n.
1788 2386 1840 2422 16;
1862 2390 2035 2416 cartaceum
2061 2385 2111 2416 cui
2134 2384 2270 2426 siqillum

666 2451 740 2472 cerae
751 2440 850 2471 rubeae
864 2440 1040 2481 appositum
1055 2440 1125 2478 est.)

710 2491 846 2524 23350.
867 2512 905 2517 -
921 2494 1084 2525 Instrum.
1101 2492 1343 2532 publicationis
1361 2492 1601 2532 praedictorum
1616 2500 1841 2532 processuum
1858 2492 1893 2523 in
1908 2492 1982 2524 loco
2000 2492 2081 2524 Ord.
2103 2492 2271 2524 Praedica-

664 2550 777 2580 torum
795 2547 861 2579 sito
875 2547 910 2578 in
927 2547 1064 2579 civitate
1081 2546 1252 2586 Capuana.
1273 2545 1434 2585 (Armorio
1451 2545 1487 2580 C,
1501 2545 1579 2585 fasc.
1595 2546 1648 2583 60,
1664 2556 1696 2575 η.
1715 2547 1732 2577 3
1740 2554 1749 2583 ;
1768 2546 1871 2586 perq.)

709 2598 848 2631 23351.
867 2617 905 2623 —
919 2601 1006 2632 Item
1022 2600 1058 2631 in
1074 2600 1212 2631 civitate
1227 2599 1410 2631 Suessana.
1432 2599 1591 2639 (Armario
1610 2598 1645 2636 C,
1665 2598 1744 2639 fasc.
1761 2600 1812 2636 52,
1832 2609 1862 2628 η.
1884 2600 1949 2637 18.)

708 2652 848 2685 23352.
867 2673 905 2678 -
922 2654 1059 2686 Relatio
1084 2653 1329 2694 publicationis
1352 2661 1577 2692 processuum
1597 2653 1714 2684 contra
1735 2652 1826 2684 filios
1842 2651 1978 2683 Mathaei
1995 2652 2036 2684 de
2054 2652 2271 2684 Vicecomiti-

662 2708 727 2740 bus
744 2708 840 2739 factae
857 2708 892 2739 in
917 2707 991 2739 loco
1014 2716 1042 2738 s.
1057 2707 1230 2738 Dominici
1248 2706 1288 2739 O.
1305 2706 1343 2738 F.
1367 2706 1406 2737 Ρ.
1421 2706 1456 2737 in
1472 2706 1564 2738 civit.
1582 2706 1766 2738 Suessana.
1784 2705 1942 2746 (Armario
1962 2705 1998 2744 C,
2013 2705 2094 2746 fasc.
2112 2706 2163 2743 45,
2178 2715 2210 2737 n.
2227 2708 2266 2743 73

659 2762 768 2803 perq.)
1533 2783 1536 2786 .

708 2811 847 2845 23353.
869 2830 907 2836 —
922 2813 1057 2846 Relatio
1073 2814 1110 2844 ut
1132 2821 1159 2844 s.
1177 2813 1212 2844 in
1229 2812 1366 2844 civitate
1385 2812 1559 2852 Capuana.
1578 2812 1735 2852 (Armario
1752 2811 1789 2850 C,
1801 2811 1882 2852 fasc.
1902 2813 1953 2849 42,
1973 2822 2004 2843 n.
2021 2812 2061 2843 30
2067 2819 2078 2847 ;
2093 2820 2183 2853 perq.
2196 2821 2271 2852 par<

663 2879 744 2904 vum,
760 2867 849 2898 valde
863 2867 1045 2907 corrosum.)

708 2918 845 2952 23354.
866 2939 904 2945 -
928 2921 1060 2952 Littera
1083 2921 1235 2952 cartacea
1251 2919 1418 2961 Stephani,
1438 2919 1515 2951 abb.
1532 2920 1677 2951 monast.
1695 2918 1908 2958 Neritonen„
1929 2917 2101 2958 archiep.o
2118 2917 2270 2958 Capuan.

662 2975 833 3012 mandata,
845 2984 913 3015 qua
927 2974 1031 3005 refert
1043 2982 1079 3005 se
1096 2972 1290 3013 publicasse
1305 2981 1488 3013 processus
1502 2974 1619 3005 contra
1634 2972 1847 3005 Ludovicum
1862 2973 2044 3005 Bavarum.
2061 2971 2220 3013 (Armario
2232 2971 2268 3011 C,

661 3029 740 3070 fasc.
756 3030 807 3066 52,
827 3039 858 3058 π.
875 3029 927 3066 10;
945 3037 1011 3058 cum
1028 3026 1130 3068 siqillo
1150 3036 1234 3058 cereo
1249 3026 1424 3068 apposito.)
