2592 3562
199 467 304 495 natum
323 459 516 495 Avenione..

239 568 280 596 30
291 567 360 603 jun.
380 566 468 594 1324.

191 654 196 658 ἡ
258 616 292 649 (11
312 611 470 653 1101301.)

299 657 330 684 Τ.
351 656 408 684 ΧΧ.

207 840 221 867 ¹
239 837 324 874 (kal.)
338 836 396 871 jul.
417 835 506 864 1324.

264 882 296 910 T.
315 881 362 913 XI,
378 880 450 908 XIII.

317 1262 355 1290 Ut
370 1270 394 1290 s.

253 1308 283 1336 Τ.
305 1307 361 1340 XL,
377 1306 459 1334 XLII.

320 1475 357 1503 Ut
373 1483 397 1502 s.

267 1519 298 1548 T.
315 1519 362 1553 XI,
379 1519 450 1546 XIII.

319 1633 356 1661 Ut
374 1641 398 1660 s.

282 1679 312 1706 T.
333 1678 438 1706 LXXII.

323 1951 361 1980 Ut
381 1959 405 1980 s.

304 1998 336 2025 Τ.
357 1998 414 2026 LII.

324 2165 361 2194 Ut
376 2173 400 2193 s.

284 2211 315 2238 T.
336 2209 442 2239 LXXII.

326 2485 364 2513 Ut
379 2493 404 2512 s.

309 2529 340 2557 T.
356 2529 416 2558 xll.

328 2592 365 2621 Ut
385 2600 408 2620 s.

251 2638 282 2666 T.
297 2637 368 2672 XVI,
383 2636 480 2665 XVIII.

558 373 732 406 JOANNIS
755 373 874 404 PAPAE
895 372 996 404 XXII.
1022 372 1270 412 (1316-1334).
1293 390 1333 396 —
1354 373 1540 404 LITTERAE
1563 374 1787 407 COMMUNES
2134 380 2192 410 155

646 559 780 593 19858.
802 580 838 585 -
851 561 992 592 Arnaldo
1001 572 1025 591 s.
1042 561 1206 591 Eustachii
1218 561 1299 591 diac.
1317 561 1402 593 card.
1420 562 1518 594 facul.
1536 563 1888 605 recipiendiresignat.
1906 575 2023 598 canon.
2039 568 2071 598 et
2088 566 2191 607 praeb.

599 616 680 648 eccl.
703 615 863 647 Leodien.
879 624 938 655 per
953 614 1178 646 Bertrandum
1192 614 1224 645 S.
1237 614 1282 644 M.
1294 614 1327 644 in
1339 615 1468 654 Aquiro
1482 616 1567 647 diac.
1581 617 1683 652 card..
1697 619 1728 648 et
1741 619 1876 657 paroch.
1891 619 1971 651 eccl.
1987 619 2027 651 de
2038 620 2193 659 Anhano,

600 678 628 701 S.
648 669 760 701 Pontii
779 669 1036 700 Thomeriarum
1055 668 1113 704 di.,
1128 676 1188 707 per
1203 667 1424 698 Guillelmum
1441 669 1598 700 Maurelli
1616 679 1717 701 causa
1733 672 1994 710 permutationis
2009 673 2192 711 faciendas,

601 723 787 763 eademque
809 730 941 759 canon.,
961 720 1064 761 praeb.
1080 724 1112 752 et
1128 720 1209 751 eccl.
1231 720 1328 760 juxta
1343 722 1626 760 permutationem
1643 724 1853 761 conferendi;
1875 733 1951 756 cum
1969 726 2117 765 dispens.
2134 735 2194 766 pro

599 776 717 808 eodem
734 776 823 806 card.
842 784 944 814 super
959 774 1081 814 plural.
1100 773 1212 804 benef.
1231 774 1282 813 (A.
1301 775 1351 810 21,
1368 774 1391 805 f.
1407 775 1464 804 217
1481 779 1508 810 ²‚·
1531 774 1566 805 V.
1585 777 1633 812 77,
1655 785 1706 815 ep.
1729 777 1830 816 1569.)

646 826 782 858 19857.
798 846 837 851 -
850 828 976 858 Juliano
997 827 1084 858 Petri
1098 826 1276 858 sabastiani
1291 827 1403 857 collat.
1423 836 1539 858 canon.
1558 828 1638 859 eccl.
1662 830 1827 860 Aversan.
1847 829 1882 860 in
1905 839 1971 870 qua
1993 833 2105 863 certus
2121 841 2194 863 can.

600 891 764 914 numerus
778 883 811 913 et
827 881 929 922 praeb.
951 881 1125 912 distinctio
1143 889 1210 911 non
1226 879 1407 916 habentur;
1424 889 1489 911 non
1507 880 1594 911 obst.
1612 882 1701 921 quod
1718 882 1752 912 in
1767 882 1888 914 Sancta
1904 883 2064 915 Severina
2079 886 2110 916 et
2124 885 2196 916 Tri-

601 936 744 967 caricen.
765 935 844 966 eccl.
863 943 993 970 canon„
1009 937 1041 965 et
1056 934 1091 964 in
1103 934 1223 965 Parete
1238 942 1275 964 ac
1292 934 1445 972 Caynani
1459 934 1553 964 villis
1565 934 1727 973 quasdam
1740 935 1850 974 petias
1860 937 1970 974 terrae,
1985 938 2017 967 et
2032 937 2197 969 decimam

602 989 780 1029 Villaepiri,
798 988 889 1019 villae
906 987 1097 1023 Arbustuli,
1115 988 1147 1018 et
1164 988 1320 1027 quartam
1338 986 1503 1017 decimam
1518 987 1608 1018 villae
1624 988 1743 1018 Parete
1767 990 1799 1019 et
1815 989 1982 1020 decimam
2003 990 2199 1030 Dominipe-

600 1042 645 1074 tri
661 1042 807 1074 Scallon.
823 1042 863 1072 de
879 1041 1025 1080 Neapoli
1042 1041 1077 1072 in
1098 1040 1262 1071 beneficia
1288 1040 1488 1076 ecclesiast„
1515 1042 1547 1071 et
1563 1041 1731 1079 quoddam
1745 1041 1855 1072 benef.
1875 1051 1890 1071 «
1908 1042 2198 1074 confirmationem

601 1105 629 1128 s.
646 1095 775 1136 Elpidii
791 1105 806 1126 n
820 1096 1063 1134 nuncupatum,
1078 1095 1240 1125 Aversan.
1258 1093 1317 1130 di.,
1330 1094 1362 1133 (6
1374 1102 1450 1124 unc.
1466 1093 1564 1131 auri),
1583 1093 1742 1125 obtineat.
1756 1111 1794 1116 —
1809 1094 1837 1125 I.
1849 1103 1877 1126 e.
1894 1104 1939 1126 m.
1954 1104 2041 1135 mag.
2059 1096 2198 1127 Nicolao

601 1150 642 1181 de
657 1149 796 1186 Frattis‚
817 1142 1005 1184 patracen„
1021 1147 1086 1179 litt.
1114 1148 1221 1186 apost.
1241 1146 1433 1183 correctori,
1454 1148 1487 1177 et
1511 1146 1658 1178 Henrico
1673 1147 1825 1183 Gatiotae,
1847 1156 1885 1179 ac
1909 1149 1997 1180 Urso
2016 1149 2199 1187 Minutulo,

600 1202 814 1244 Neapolitan.
832 1210 905 1232 can.
923 1200 1003 1232 eccl.
1020 1200 1072 1239 (A.
1090 1201 1140 1235 21,
1155 1200 1177 1230 f.
1195 1201 1254 1231 100
1269 1199 1300 1235 b:
1324 1199 1357 1229 V.
1378 1201 1427 1234 77,
1445 1209 1496 1239 ep.
1516 1199 1619 1238 1314.)

649 1252 843 1285 19858.’-
862 1253 1003 1285 Paroch.
1022 1253 1103 1284 eccl.
1118 1253 1158 1284 de
1171 1253 1322 1290 Masano,
1340 1253 1618 1292 Carpentoraten.
1636 1253 1694 1288 di.,
1710 1262 1782 1284 vac.
1801 1254 1890 1293 apud
1907 1254 1940 1285 S.
1956 1255 1995 1286 A.
2010 1255 2204 1294 praeviare-

602 1310 727 1340 servat.
749 1317 808 1348 per
833 1307 963 1339 obitum
980 1306 1135 1338 Durandi
1155 1306 1195 1337 de
1213 1306 1364 1343 Moleria,
1386 1306 1502 1336 unitur
1519 1315 1644 1337 mensae
1668 1306 1787 1337 ottonis
1807 1307 1870 1348 epi
1892 1306 2145 1348 Carpentoraten.
2164 1326 2202 1331 —

602 1362 629 1393 Ι.
646 1371 676 1393 e.
692 1371 736 1393 m.
755 1370 807 1401 ep.
812 1370 830 1392 ο
848 1362 1022 1395 Vasaten.‚
1043 1361 1075 1391 et
1095 1359 1248 1391 Redden.
1265 1358 1473 1394 Narbonen„
1500 1368 1537 1390 ac
1559 1359 1752 1390 Lautricen.
1774 1360 1909 1392 Albien.
1927 1361 2009 1392 eccl.
2027 1361 2152 1392 archid
2157 1362 2199 1392 is.

603 1415 656 1456 (A.
674 1417 724 1452 21,
743 1414 766 1446 f.
785 1414 885 1451 1321),
910 1413 944 1444 V.
964 1415 1013 1451 77,
1033 1422 1084 1453 ep.
1106 1412 1210 1452 1319)

650 1465 787 1499 19859.
804 1486 841 1491 -
860 1466 1013 1498 Rainallo
1031 1466 1067 1497 de
1082 1466 1183 1506 Playh
1206 1474 1299 1505 prov
1317 1474 1435 1496 canon.
1455 1466 1534 1497 eccl.
1560 1474 1588 1497 s.
1613 1466 1799 1497 Salvatoris
1816 1467 2002 1507 TraJ'ecten.
2022 1467 2086 1498 sub
2105 1476 2202 1508 exsp.

603 1521 706 1562 praeb.
724 1540 761 1545 —
778 1521 804 1552 I.
817 1530 847 1552 e.
865 1529 908 1551 m.
927 1520 1074 1559 archiep.
1078 1528 1096 1551 o
1114 1518 1343 1556 Ebredunen„
1360 1520 1393 1550 et
1402 1518 1478 1550 abb.
1497 1520 1641 1550 monast.
1659 1528 1686 1550 s.
1701 1519 1800 1550 Pauli
1810 1520 2012 1560 TraJecten
2029 1530 2066 1552 ac
2077 1521 2202 1553 decano

604 1575 686 1608 eccl.
703 1574 895 1606 Embricen.
911 1573 1098 1613 Trajecten.
1116 1573 1162 1603 di.
1180 1573 1232 1613 (A.
1249 1573 1300 1609 21,
1317 1572 1338 1603 f.
1356 1574 1395 1604 67
1411 1572 1445 1609 b;
1466 1572 1502 1603 V.
1520 1574 1570 1610 77,
1589 1581 1641 1612 ep.
1659 1572 1764 1610 1325.)

650 1628 662 1640 ³
688 1625 824 1659 19860.
844 1645 883 1650 -
902 1627 1008 1657 Priori
1031 1625 1132 1657 saecul.
1148 1636 1173 1656 s.
1188 1625 1343 1664 Stephani
1373 1626 1413 1655 ad
1423 1630 1546 1665 pontem
1568 1625 1752 1664 Florentia,
1768 1631 1795 1656 et
1812 1626 1945 1658 thesaur.
1963 1627 2149 1665 Florentin„
2168 1638 2203 1658 ac

605 1681 720 1714 Joanni
732 1682 767 1712 de
784 1680 949 1717 Florentia,
965 1690 1034 1711 can.
1048 1680 1163 1710 Lucan.
1180 1679 1265 1714 eccl„
1282 1679 1394 1710 mand.
1408 1681 1456 1716 ut,
1473 1679 1598 1719 praevia
1613 1679 1810 1715 monitione,
1826 1680 2000 1720 publicent
2016 1682 2203 1713 sententias

606 1744 749 1770 excom„
769 1733 1004 1774 suspensionis
1021 1734 1054 1764 et
1074 1732 1245 1764 interdicti
1268 1732 1303 1763 in
1322 1732 1462 1763 Petrum
1485 1732 1560 1763 abb.
1581 1735 1726 1764 monast.
1752 1733 1961 1771 Cluniacen„
1981 1733 2201 1766 Matisconen.

606 1789 666 1827 di.,
681 1789 738 1829 qui
756 1788 854 1819 Nello
864 1786 990 1827 quond.
1003 1786 1152 1818 Simonis
1163 1785 1203 1817 de
1217 1785 1350 1823 Bardis,
1367 1785 1433 1816 civi
1445 1786 1477 1816 et
1491 1786 1670 1816 mercatori
1681 1786 1881 1823 Florentin„
1894 1787 1934 1818 de
1949 1788 2028 1819 7000
2042 1787 2115 1819 flor.
2129 1787 2203 1819 auri

606 1843 725 1874 mutuo
743 1841 887 1880 receptis
908 1840 1018 1880 quoad
1035 1839 1147 1871 locum
1174 1839 1207 1870 et
1222 1839 1407 1870 terminum
1428 1839 1611 1870 conventos
1631 1848 1697 1870 non
1716 1839 1892 1871 satisfecit.
1909 1839 1960 1879 (A.
1983 1842 2032 1876 21,
2053 1841 2075 1872 f.
2099 1842 2155 1872 101
2171 1841 2202 1877 ¹²;

614 1894 647 1926 V.
667 1897 717 1929 77,
735 1903 787 1934 ep.
807 1894 911 1934 1330.)

651 1945 788 1986 19861.
808 1965 846 1970 -
863 1946 970 1977 Priori
985 1945 1086 1976 saecul.
1104 1955 1128 1976 s.
1147 1956 1172 1976 s.
1197 1945 1324 1976 Joannis
1342 1949 1370 1975 et
1388 1945 1550 1985 Reparatae
1569 1945 1698 1983 Lucan„
1724 1950 1753 1976 ct
1770 1945 1908 1987 archipr.
1933 1946 2099 1979 Pistorien.
2118 1948 2203 1986 eccl„

608 2012 643 2033 ac
658 2001 791 2043 plebano
815 1999 912 2041 plebis
928 1999 964 2030 de
988 1999 1121 2036 Decima,
1135 1999 1251 2029 Lucan.
1269 1998 1326 2035 di.,
1341 1999 1453 2029 mand.
1473 2001 1509 2029 ut
1529 1999 1734 2038 compellant
1751 1999 1949 2039 praedictum
1966 2000 2040 2032 abb.
2057 2001 2099 2031 ad
2116 2001 2206 2032 solu-

607 2056 735 2088 tionem
753 2055 833 2087 9000
850 2054 924 2085 flor.
942 2053 1016 2084 auri
1031 2052 1156 2084 Jacobo
1174 2052 1314 2084 Lucheti
1333 2051 1477 2089 Sbarrae‚
1498 2053 1677 2083 mercatori
1697 2053 1836 2090 Lucan„
1855 2052 2058 2086 debitorum.
2077 2054 2128 2095 (A.
2154 2056 2204 2091 21,

609 2109 632 2141 f.
653 2110 712 2140 102
730 2108 760 2145 b;
782 2108 818 2139 V.
836 2110 886 2142 77,
905 2116 958 2147 ep.
978 2106 1081 2146 1331.)

652 2159 820 2191 19862.
838 2179 875 2184 -
889 2160 997 2190 Priori
1009 2159 1110 2190 saecul.
1126 2169 1150 2190 s.
1161 2158 1312 2199 Stephani
1323 2158 1364 2189 ad
1373 2163 1496 2199 pontem
1507 2157 1695 2196 Florentia„
1710 2164 1737 2189 et
1753 2159 1883 2191 thesaur.
1897 2159 2066 2190 Florentin.
2073 2171 2129 2198 ,ac
2143 2161 2207 2192 An-

608 2215 688 2247 dreae
703 2215 844 2252 loannis,
860 2224 928 2244 can.
940 2214 1055 2244 Lucan.
1067 2212 1151 2248 eccl„
1165 2213 1278 2244 mand.
1292 2213 1329 2243 ut
1339 2212 1513 2252 publicent
1525 2212 1726 2243 sententiam
1739 2221 1870 2243 excom.
1883 2214 2009 2252 praevia
2021 2214 2206 2246 monitione

609 2269 782 2301 ferendam
799 2268 834 2299 in
851 2268 990 2298 Petrum
1008 2266 1084 2298 abb.
1109 2267 1253 2297 monast.
1275 2265 1483 2301 Cluniacen„
1503 2265 1723 2296 Matisconen.
1742 2265 1801 2302 di.,
1821 2267 1853 2296 et
1870 2274 1908 2297 eo
1927 2268 2060 2298 mortuo
2083 2267 2116 2298 in
2135 2268 2207 2307 ejus

608 2330 840 2357 successores;
851 2321 955 2352 citent
970 2321 1082 2351 autem
1096 2319 1210 2359 ipsum
1223 2319 1362 2350 Petrum
1373 2327 1392 2349 a
1406 2318 1441 2349 S.
1457 2318 1498 2349 A.
1517 2327 1582 2349 non
1596 2327 1808 2349 recessurum
1821 2318 1926 2350 donec
1942 2319 2047 2359 Lapo,
2065 2320 2208 2351 Andreae

609 2378 642 2408 et
664 2375 823 2415 Philippo
848 2373 987 2405 Blanchi
1007 2372 1184 2408 fratribus,
1213 2371 1345 2404 civibus
1365 2373 1397 2403 et
1419 2371 1666 2405 mercatoribus
1688 2372 1890 2410 Florentia,
1910 2372 1950 2403 (le
1973 2375 2090 2405 mutuo
2115 2375 2207 2405 4.000

608 2430 813 2460 florenorum
829 2427 904 2459 auri
918 2427 1022 2458 fuerit
1036 2426 1166 2465 integre
1182 2425 1408 2456 satisfactum.
1426 2424 1478 2463 (A.
1493 2426 1544 2462 21,
1565 2425 1588 2455 f.
1604 2426 1643 2456 68
1659 2424 1690 2461 ἲ),
1715 2425 1750 2455 V.
1768 2427 1817 2462 77,
1835 2434 1886 2465 ep.
1906 2426 2009 2465 1332.)

656 2479 791 2512 19863.
807 2500 845 2504 -
861 2479 995 2511 Paulino
1011 2490 1059 2521 ep.
1052 2489 1080 2510 ,ο
1093 2478 1255 2510 Puteolan.
1270 2478 1521 2509 testimoniales
1536 2480 1721 2509 consecrat.
1739 2479 1771 2509 et
1786 2478 1924 2509 licentia
1935 2479 2138 2511 recedendie
2152 2489 2206 2511 cu-

609 2537 671 2567 ria.
691 2535 743 2576 (A
759 2536 810 2570 21,
834 2534 858 2565 f.
876 2535 944 2565 71·
955 2533 1029 2569 ;V.
1044 2535 1094 2569 77,
1111 2541 1164 2572 ep.
1185 2533 1290 2571 1346)

655 2585 791 2619 19864.
811 2607 847 2611 -
871 2586 1007 2619 Guidoni
1024 2585 1182 2617 Fuit-herii
1204 2584 1472 2616 administratori
1490 2572 1612 2615 domus
1634 2584 1674 2616 de
1699 2583 1909 2621 Barbatorta,
1924 2584 2203 2618 Grandimonten.

610 2642 696 2680 ord„
714 2641 898 2674 Lucionen.
924 2640 984 2678 di.,
1001 2648 1092 2671 conc.
1123 2647 1235 2670 annua
1250 2637 1369 2678 pensio
1389 2638 1448 2669 100
1463 2637 1523 2668 lib.
1551 2638 1617 2668 tur
1638 2638 1680 2669 ad
1705 2638 1822 2674 vitam,
1841 2638 1940 2676 prout
1953 2637 2024 2677 Jam
2051 2639 2205 2670 Clemens

608 2696 702 2736 Papa
716 2695 746 2727 V
761 2694 839 2735 ipsi,
857 2695 937 2725 tunc
949 2692 1131 2724 correctori
1147 2692 1269 2723 domus
1284 2691 1324 2722 de
1341 2689 1526 2728 sarmazia,
1543 2690 1651 2730 ejusd.
1668 2690 1752 2727 ord„
1771 2690 1980 2721 Xanctonen.
1999 2691 2058 2726 di.,
2074 2700 2206 2723 conces-

610 2750 700 2780 serat
723 2757 766 2780 ex
783 2747 973 2779 redditibus
992 2746 1099 2786 ejusd.
1119 2745 1241 2776 domus
1257 2744 1297 2775 de
1319 2743 1493 2774 Sarmazia
1508 2751 1615 2783 nuper
1631 2751 1692 2783 per
1708 2744 1746 2774 P.
1764 2743 1801 2774 P.
1821 2743 1854 2773 in
1869 2743 2056 2782 prioratum
2074 2745 2203 2782 erectae,

610 2811 654 2834 ex
679 2801 883 2842 quaquidem
909 2800 1076 2832 erectione
1095 2798 1184 2829 dIcta
1210 2797 1373 2838 pensione
1398 2796 1583 2828 destitutus
1608 2796 1782 2832 extiterat;
1812 2804 1878 2826 non
1903 2795 1988 2827 obst.
2014 2797 2103 2836 quod
2123 2797 2204 2828 olim

611 2855 651 2888 O.
669 2856 706 2887 F.
720 2855 764 2887 M.
782 2853 967 2890 intraverit,
982 2862 1001 2884 a
1016 2861 1094 2892 quo,
1111 2851 1322 2892 professione
1339 2850 1372 2881 in
1385 2858 1424 2880 eo
1440 2857 1507 2880 non
1524 2849 1622 2885 facta,
1639 2849 1727 2879 infra
1740 2857 1865 2879 annum
1880 2849 1961 2880 exiit
1976 2849 2008 2880 et
2021 2849 2063 2879 ad
2078 2849 2204 2880 dictum

610 2908 889 2942 Grandimonten.
907 2907 978 2938 ord.
997 2905 1109 2936 rediit.
1130 2923 1163 2927 —
1183 2904 1209 2935 Ι.
1228 2912 1257 2934 e.
1272 2911 1316 2934 m.
1335 2902 1411 2934 abb.
1429 2911 1457 2933 s.
1474 2901 1612 2933 Martini
1634 2901 1861 2937 Lemovicen.,
1880 2903 1912 2932 et
1927 2901 2032 2940 priori
2051 2901 2090 2932 de
2108 2903 2203 2934 Arta-

611 2962 707 3000 cella,
729 2970 789 3002 per
806 2961 953 3001 priorem
973 2958 1066 2990 soliti
1085 2957 1176 2998 gub„
1195 2958 1326 2996 Aquen.
1344 2955 1404 2991 di.,
1419 2956 1578 2992 monast„
1596 2963 1632 2985 ac
1651 2955 1737 2985 cant.
1758 2953 1837 2984 eccl.
1853 2953 2064 2985 Lemovicen.
2081 2954 2134 2995 (A.
2151 2956 2202 2993 21,

611 3015 632 3047 f.
649 3017 687 3047 73
703 3014 736 3052 ὓ,
758 3013 790 3045 V.
809 3016 858 3051 77,
875 3022 926 3053 ep.
946 3012 1051 3051 1358.)
