<?xml version="1.0" encoding="UTF-8"?>
<!DOCTYPE html PUBLIC "-//W3C//DTD XHTML 1.0 Transitional//EN"
    "http://www.w3.org/TR/xhtml1/DTD/xhtml1-transitional.dtd">
<html xmlns="http://www.w3.org/1999/xhtml" xml:lang="en" lang="en">
 <head>
  <title>
</title>
<meta http-equiv="Content-Type" content="text/html;charset=utf-8" />
  <meta name='ocr-system' content='tesseract 3.04.00' />
  <meta name='ocr-capabilities' content='ocr_page ocr_carea ocr_par ocr_line ocrx_word'/>
</head>
<body>
  <div class='ocr_page' id='page_1' title='image "./lettrescommunes05romeuoft_0477.png"; bbox 0 0 2592 3562; ppageno 0'>
   <div class='ocr_carea' id='block_1_1' title="bbox 271 1279 500 1315">
    <p class='ocr_par' dir='ltr' id='par_1_1' title="bbox 271 1279 500 1315">
     <span class='ocr_line' id='line_1_1' title="bbox 271 1279 500 1315; baseline -0.004 -7"><span class='ocrx_word' id='word_1_1' title='bbox 271 1280 310 1309; x_wconf 86' lang='lat'><strong>30</strong></span> <span class='ocrx_word' id='word_1_2' title='bbox 325 1288 391 1315; x_wconf 74' lang='lat' dir='ltr'><strong>auq.</strong></span> <span class='ocrx_word' id='word_1_3' title='bbox 411 1279 500 1308; x_wconf 71' lang='lat'><strong><em>4325.</em></strong></span> 
     </span>
    </p>
   </div>
   <div class='ocr_carea' id='block_1_2' title="bbox 272 1386 499 1526">
    <p class='ocr_par' dir='ltr' id='par_1_2' title="bbox 272 1386 499 1526">
     <span class='ocr_line' id='line_1_2' title="bbox 272 1386 499 1422; baseline -0.013 -6"><span class='ocrx_word' id='word_1_4' title='bbox 272 1388 308 1416; x_wconf 73' lang='lat'><strong>31</strong></span> <span class='ocrx_word' id='word_1_5' title='bbox 326 1395 393 1422; x_wconf 74' lang='lat' dir='ltr'><strong>auq.</strong></span> <span class='ocrx_word' id='word_1_6' title='bbox 411 1386 499 1415; x_wconf 73' lang='lat'><strong>1325.</strong></span> 
     </span>
     <span class='ocr_line' id='line_1_3' title="bbox 291 1490 475 1526; baseline -0.005 -7"><span class='ocrx_word' id='word_1_7' title='bbox 291 1493 366 1526; x_wconf 63' lang='lat' dir='ltr'><strong>Auo.</strong></span> <span class='ocrx_word' id='word_1_8' title='bbox 386 1490 475 1518; x_wconf 75' lang='lat'><strong><em>4325.</em></strong></span> 
     </span>
    </p>
   </div>
   <div class='ocr_carea' id='block_1_3' title="bbox 285 1595 491 1678">
    <p class='ocr_par' dir='ltr' id='par_1_3' title="bbox 285 1595 491 1678">
     <span class='ocr_line' id='line_1_4' title="bbox 285 1595 491 1632; baseline -0.005 -9"><span class='ocrx_word' id='word_1_9' title='bbox 285 1598 299 1623; x_wconf 77' lang='grc' dir='ltr'><strong><em>Ι</em></strong></span> <span class='ocrx_word' id='word_1_10' title='bbox 315 1599 386 1632; x_wconf 75' lang='lat' dir='ltr'><strong>sept.</strong></span> <span class='ocrx_word' id='word_1_11' title='bbox 404 1595 491 1623; x_wconf 72' lang='lat'><strong>1325.</strong></span> 
     </span>
     <span class='ocr_line' id='line_1_5' title="bbox 347 1650 424 1678; baseline -0.013 -1"><span class='ocrx_word' id='word_1_12' title='bbox 347 1650 384 1678; x_wconf 79' lang='lat' dir='ltr'><strong>Ut</strong></span> <span class='ocrx_word' id='word_1_13' title='bbox 401 1657 424 1677; x_wconf 91' lang='lat' dir='ltr'><strong>s.</strong></span> 
     </span>
    </p>
   </div>
   <div class='ocr_carea' id='block_1_4' title="bbox 283 1755 492 1831">
    <p class='ocr_par' dir='ltr' id='par_1_4' title="bbox 283 1755 492 1831">
     <span class='ocr_line' id='line_1_6' title="bbox 283 1755 492 1793; baseline -0.014 -7"><span class='ocrx_word' id='word_1_14' title='bbox 283 1760 296 1786; x_wconf 81' lang='grc' dir='ltr'><strong><em>Ι</em></strong></span> <span class='ocrx_word' id='word_1_15' title='bbox 315 1760 384 1793; x_wconf 81' lang='lat' dir='ltr'><strong>sept.</strong></span> <span class='ocrx_word' id='word_1_16' title='bbox 403 1755 492 1785; x_wconf 73' lang='lat'><strong><em>4325.</em></strong></span> 
     </span>
     <span class='ocr_line' id='line_1_7' title="bbox 314 1801 456 1831; baseline -0.007 -2"><span class='ocrx_word' id='word_1_17' title='bbox 314 1802 378 1831; x_wconf 86' lang='lat' dir='ltr'><strong>Ind.</strong></span> <span class='ocrx_word' id='word_1_18' title='bbox 395 1801 456 1829; x_wconf 83' lang='lat' dir='ltr'><strong>IX·.</strong></span> 
     </span>
    </p>
   </div>
   <div class='ocr_carea' id='block_1_5' title="bbox 279 1914 490 1952">
    <p class='ocr_par' dir='ltr' id='par_1_5' title="bbox 279 1914 490 1952">
     <span class='ocr_line' id='line_1_8' title="bbox 279 1914 490 1952; baseline -0.005 -9"><span class='ocrx_word' id='word_1_19' title='bbox 279 1916 300 1943; x_wconf 85' lang='lat'><strong><em>2</em></strong></span> <span class='ocrx_word' id='word_1_20' title='bbox 313 1919 383 1952; x_wconf 80' lang='lat' dir='ltr'><strong>sept.</strong></span> <span class='ocrx_word' id='word_1_21' title='bbox 402 1914 490 1943; x_wconf 70' lang='lat'><strong>1325.</strong></span> 
     </span>
    </p>
   </div>
   <div class='ocr_carea' id='block_1_6' title="bbox 201 2717 571 2808">
    <p class='ocr_par' dir='ltr' id='par_1_6' title="bbox 201 2717 571 2808">
     <span class='ocr_line' id='line_1_9' title="bbox 243 2717 525 2753; baseline 0.007 -3"><span class='ocrx_word' id='word_1_22' title='bbox 243 2723 350 2751; x_wconf 79' lang='lat' dir='ltr'><strong>uatum</strong></span> <span class='ocrx_word' id='word_1_23' title='bbox 372 2717 525 2753; x_wconf 78' lang='lat' dir='ltr'><strong>Patavii.</strong></span> 
     </span>
     <span class='ocr_line' id='line_1_10' title="bbox 201 2771 571 2808; baseline 0.003 -9"><span class='ocrx_word' id='word_1_24' title='bbox 201 2772 220 2799; x_wconf 80' lang='lat'>6</span> <span class='ocrx_word' id='word_1_25' title='bbox 227 2774 296 2807; x_wconf 87' lang='lat' dir='ltr'><strong>(vm</strong></span> <span class='ocrx_word' id='word_1_26' title='bbox 307 2771 359 2804; x_wconf 84' lang='lat' dir='ltr'><strong>id.)</strong></span> <span class='ocrx_word' id='word_1_27' title='bbox 374 2775 445 2808; x_wconf 82' lang='lat' dir='ltr'><em>sept.</em></span> <span class='ocrx_word' id='word_1_28' title='bbox 458 2771 571 2807; x_wconf 51' lang='lat'><strong>[1324]</strong></span> 
     </span>
    </p>
   </div>
   <div class='ocr_carea' id='block_1_7' title="bbox 235 2877 537 2911">
    <p class='ocr_par' dir='ltr' id='par_1_7' title="bbox 235 2877 537 2911">
     <span class='ocr_line' id='line_1_11' title="bbox 235 2877 537 2911; baseline 0.007 -2"><span class='ocrx_word' id='word_1_29' title='bbox 235 2882 340 2910; x_wconf 83' lang='lat' dir='ltr'><strong>Datum</strong></span> <span class='ocrx_word' id='word_1_30' title='bbox 355 2877 537 2911; x_wconf 75' lang='lat' dir='ltr'><strong>Avenione.</strong></span> 
     </span>
    </p>
   </div>
   <div class='ocr_carea' id='block_1_8' title="bbox 0 0 179 3562">
    <p class='ocr_par' dir='ltr' id='par_1_8' title="bbox 0 0 179 3562">
     <span class='ocr_line' id='line_1_12' title="bbox 0 0 179 3562; baseline 0 0"><span class='ocrx_word' id='word_1_31' title='bbox 0 0 179 3562; x_wconf 95' lang='lat' dir='ltr'><strong> </strong></span> 
     </span>
    </p>
   </div>
   <div class='ocr_carea' id='block_1_9' title="bbox 201 2929 573 2967">
    <p class='ocr_par' dir='ltr' id='par_1_9' title="bbox 201 2929 573 2967">
     <span class='ocr_line' id='line_1_13' title="bbox 201 2929 573 2967; baseline 0 -9"><span class='ocrx_word' id='word_1_32' title='bbox 201 2930 220 2957; x_wconf 88' lang='grc'><strong><em>9</em></strong></span> <span class='ocrx_word' id='word_1_33' title='bbox 238 2930 294 2967; x_wconf 84' lang='lat' dir='ltr'><strong>(vu</strong></span> <span class='ocrx_word' id='word_1_34' title='bbox 310 2930 364 2966; x_wconf 82' lang='lat' dir='ltr'><strong>id.)</strong></span> <span class='ocrx_word' id='word_1_35' title='bbox 384 2933 439 2958; x_wconf 75' lang='lat' dir='ltr'><strong>oct.</strong></span> <span class='ocrx_word' id='word_1_36' title='bbox 460 2929 573 2965; x_wconf 49' lang='lat'><strong><em>[4324]</em></strong></span> 
     </span>
    </p>
   </div>
   <div class='ocr_carea' id='block_1_10' title="bbox 133 394 2237 1246">
    <p class='ocr_par' dir='ltr' id='par_1_10' title="bbox 133 394 2237 1246">
     <span class='ocr_line' id='line_1_14' title="bbox 445 394 2232 438; baseline 0.003 -11"><span class='ocrx_word' id='word_1_37' title='bbox 445 394 698 427; x_wconf 87' lang='lat' dir='ltr'><strong>APPENDICES</strong></span> <span class='ocrx_word' id='word_1_38' title='bbox 722 395 778 426; x_wconf 87' lang='lat' dir='ltr'><strong>AD</strong></span> <span class='ocrx_word' id='word_1_39' title='bbox 801 394 948 426; x_wconf 92' lang='lat' dir='ltr'><strong>NONUM</strong></span> <span class='ocrx_word' id='word_1_40' title='bbox 971 395 1166 426; x_wconf 84' lang='lat' dir='ltr'><strong>BULLARII</strong></span> <span class='ocrx_word' id='word_1_41' title='bbox 1188 395 1363 427; x_wconf 90' lang='lat' dir='ltr'><strong>JOANNIS</strong></span> <span class='ocrx_word' id='word_1_42' title='bbox 1385 396 1476 426; x_wconf 89' lang='lat' dir='ltr'>XXII</span> <span class='ocrx_word' id='word_1_43' title='bbox 1498 396 1658 428; x_wconf 90' lang='lat' dir='ltr'>ANNUM.</span> <span class='ocrx_word' id='word_1_44' title='bbox 1681 415 1719 420; x_wconf 96' lang='lat'><strong>—</strong></span> <span class='ocrx_word' id='word_1_45' title='bbox 1743 398 1980 438; x_wconf 82' lang='lat'><strong>(1316-1334)</strong></span> <span class='ocrx_word' id='word_1_46' title='bbox 2170 402 2232 433; x_wconf 77' lang='grc'><strong>467</strong></span> 
     </span>
     <span class='ocr_line' id='line_1_15' title="bbox 270 583 2231 627; baseline 0.004 -13"><span class='ocrx_word' id='word_1_47' title='bbox 270 587 310 616; x_wconf 80' lang='lat'><strong>28</strong></span> <span class='ocrx_word' id='word_1_48' title='bbox 326 595 391 622; x_wconf 73' lang='lat' dir='ltr'><strong>auq.</strong></span> <span class='ocrx_word' id='word_1_49' title='bbox 410 585 498 614; x_wconf 72' lang='lat'><strong>1325.</strong></span> <span class='ocrx_word' id='word_1_50' title='bbox 673 583 812 615; x_wconf 90' lang='grc'><strong>23379.</strong></span> <span class='ocrx_word' id='word_1_51' title='bbox 828 604 864 608; x_wconf 96' lang='grc'>-</span> <span class='ocrx_word' id='word_1_52' title='bbox 884 586 970 616; x_wconf 90' lang='lat' dir='ltr'><strong>Item</strong></span> <span class='ocrx_word' id='word_1_53' title='bbox 995 585 1030 615; x_wconf 92' lang='lat' dir='ltr'><strong>in</strong></span> <span class='ocrx_word' id='word_1_54' title='bbox 1053 585 1166 625; x_wconf 81' lang='lat' dir='ltr'>platea</span> <span class='ocrx_word' id='word_1_55' title='bbox 1189 585 1380 616; x_wconf 84' lang='lat' dir='ltr'><strong>communis</strong></span> <span class='ocrx_word' id='word_1_56' title='bbox 1398 584 1683 616; x_wconf 85' lang='lat' dir='ltr'><strong>Montisfalconis.</strong></span> <span class='ocrx_word' id='word_1_57' title='bbox 1707 586 1864 625; x_wconf 72' lang='lat' dir='ltr'><strong>(Armario</strong></span> <span class='ocrx_word' id='word_1_58' title='bbox 1882 587 1918 623; x_wconf 91' lang='lat' dir='ltr'><strong>C,</strong></span> <span class='ocrx_word' id='word_1_59' title='bbox 1934 588 2068 627; x_wconf 81' lang='lat' dir='ltr'><strong>fasc.71‚</strong></span> <span class='ocrx_word' id='word_1_60' title='bbox 2088 599 2118 620; x_wconf 83' lang='lat' dir='ltr'><strong>n.</strong></span> <span class='ocrx_word' id='word_1_61' title='bbox 2138 591 2153 621; x_wconf 97' lang='lat'><strong>1</strong></span> <span class='ocrx_word' id='word_1_62' title='bbox 2172 589 2231 627; x_wconf 80' lang='lat' dir='ltr'><strong>dd3</strong></span> 
     </span>
     <span class='ocr_line' id='line_1_16' title="bbox 625 638 1580 680; baseline -0.001 -11"><span class='ocrx_word' id='word_1_63' title='bbox 625 648 717 680; x_wconf 78' lang='lat' dir='ltr'><strong>perq.</strong></span> <span class='ocrx_word' id='word_1_64' title='bbox 736 638 862 680; x_wconf 76' lang='lat' dir='ltr'><strong>lonyum</strong></span> <span class='ocrx_word' id='word_1_65' title='bbox 875 638 972 669; x_wconf 78' lang='lat' dir='ltr'><strong>tribus</strong></span> <span class='ocrx_word' id='word_1_66' title='bbox 991 638 1174 668; x_wconf 84' lang='lat' dir='ltr'><strong><em>membranis</em></strong></span> <span class='ocrx_word' id='word_1_67' title='bbox 1186 638 1312 669; x_wconf 81' lang='lat' dir='ltr'><strong><em>insimul</em></strong></span> <span class='ocrx_word' id='word_1_68' title='bbox 1323 638 1400 668; x_wconf 79' lang='lat' dir='ltr'><strong>sutis</strong></span> <span class='ocrx_word' id='word_1_69' title='bbox 1413 638 1580 677; x_wconf 82' lang='lat' dir='ltr'><em>constans.)</em></span> 
     </span>
     <span class='ocr_line' id='line_1_17' title="bbox 345 689 1911 733; baseline 0.002 -12"><span class='ocrx_word' id='word_1_70' title='bbox 345 690 383 717; x_wconf 80' lang='lat' dir='ltr'><strong>Ut</strong></span> <span class='ocrx_word' id='word_1_71' title='bbox 400 698 433 717; x_wconf 77' lang='lat' dir='ltr'><strong>s..</strong></span> <span class='ocrx_word' id='word_1_72' title='bbox 674 689 811 722; x_wconf 84' lang='grc'><strong>23380.</strong></span> <span class='ocrx_word' id='word_1_73' title='bbox 833 710 871 715; x_wconf 92' lang='grc'>-</span> <span class='ocrx_word' id='word_1_74' title='bbox 889 693 975 723; x_wconf 88' lang='lat' dir='ltr'><strong>Item</strong></span> <span class='ocrx_word' id='word_1_75' title='bbox 991 692 1027 722; x_wconf 89' lang='lat' dir='ltr'><strong>in</strong></span> <span class='ocrx_word' id='word_1_76' title='bbox 1042 695 1132 723; x_wconf 82' lang='lat' dir='ltr'><strong>terra</strong></span> <span class='ocrx_word' id='word_1_77' title='bbox 1147 692 1253 723; x_wconf 89' lang='lat' dir='ltr'><strong>Vissi.</strong></span> <span class='ocrx_word' id='word_1_78' title='bbox 1272 691 1431 732; x_wconf 80' lang='lat' dir='ltr'><strong>(Armario</strong></span> <span class='ocrx_word' id='word_1_79' title='bbox 1451 691 1488 728; x_wconf 90' lang='lat' dir='ltr'><strong>C,</strong></span> <span class='ocrx_word' id='word_1_80' title='bbox 1504 691 1583 730; x_wconf 79' lang='lat' dir='ltr'><strong>fasc.</strong></span> <span class='ocrx_word' id='word_1_81' title='bbox 1604 693 1653 726; x_wconf 91' lang='lat'><strong>71,</strong></span> <span class='ocrx_word' id='word_1_82' title='bbox 1671 701 1701 722; x_wconf 81' lang='lat' dir='ltr'><strong>n.</strong></span> <span class='ocrx_word' id='word_1_83' title='bbox 1722 694 1737 722; x_wconf 91' lang='lat'><strong>1</strong></span> <span class='ocrx_word' id='word_1_84' title='bbox 1753 692 1771 722; x_wconf 78' lang='lat' dir='ltr'><strong>lc</strong></span> <span class='ocrx_word' id='word_1_85' title='bbox 1781 701 1791 728; x_wconf 67' lang='grc' dir='ltr'><strong><em>ς</em></strong></span> <span class='ocrx_word' id='word_1_86' title='bbox 1804 693 1911 733; x_wconf 73' lang='lat' dir='ltr'><strong>perq.)</strong></span> 
     </span>
     <span class='ocr_line' id='line_1_18' title="bbox 271 742 2233 788; baseline 0.005 -19"><span class='ocrx_word' id='word_1_87' title='bbox 271 744 312 772; x_wconf 81' lang='lat'><strong>28</strong></span> <span class='ocrx_word' id='word_1_88' title='bbox 327 751 391 778; x_wconf 74' lang='lat' dir='ltr'><strong>auq.</strong></span> <span class='ocrx_word' id='word_1_89' title='bbox 410 742 497 771; x_wconf 71' lang='lat'><em>4325.</em></span> <span class='ocrx_word' id='word_1_90' title='bbox 673 742 814 775; x_wconf 82' lang='lat'><strong>23381.</strong></span> <span class='ocrx_word' id='word_1_91' title='bbox 834 762 872 768; x_wconf 93' lang='lat'>—</span> <span class='ocrx_word' id='word_1_92' title='bbox 896 745 1129 784; x_wconf 89' lang='lat' dir='ltr'><strong>Transcriptio</strong></span> <span class='ocrx_word' id='word_1_93' title='bbox 1152 745 1345 776; x_wconf 89' lang='lat' dir='ltr'><strong>litterarum</strong></span> <span class='ocrx_word' id='word_1_94' title='bbox 1371 745 1472 785; x_wconf 83' lang='lat' dir='ltr'><strong>Papae</strong></span> <span class='ocrx_word' id='word_1_95' title='bbox 1497 745 1609 783; x_wconf 90' lang='lat' dir='ltr'><strong>XXII,</strong></span> <span class='ocrx_word' id='word_1_96' title='bbox 1635 745 1792 776; x_wconf 86' lang='lat' dir='ltr'><strong>datarum</strong></span> <span class='ocrx_word' id='word_1_97' title='bbox 1817 746 2003 784; x_wconf 84' lang='lat' dir='ltr'><strong>Avenione,</strong></span> <span class='ocrx_word' id='word_1_98' title='bbox 2030 757 2062 778; x_wconf 87' lang='lat' dir='ltr'><strong>v1</strong></span> <span class='ocrx_word' id='word_1_99' title='bbox 2079 748 2125 778; x_wconf 89' lang='lat' dir='ltr'><strong>id.</strong></span> <span class='ocrx_word' id='word_1_100' title='bbox 2143 756 2233 788; x_wconf 88' lang='lat' dir='ltr'><strong>aug.,</strong></span> 
     </span>
     <span class='ocr_line' id='line_1_19' title="bbox 303 787 2235 840; baseline 0.002 -11"><span class='ocrx_word' id='word_1_101' title='bbox 303 789 363 816; x_wconf 77' lang='lat' dir='ltr'>¹¹¹d·</span> <span class='ocrx_word' id='word_1_102' title='bbox 382 787 467 815; x_wconf 77' lang='lat' dir='ltr'><strong>Vffl’·</strong></span> <span class='ocrx_word' id='word_1_103' title='bbox 630 807 717 830; x_wconf 88' lang='lat' dir='ltr'><strong>anno</strong></span> <span class='ocrx_word' id='word_1_104' title='bbox 733 799 824 838; x_wconf 77' lang='lat' dir='ltr'><strong>V110,</strong></span> <span class='ocrx_word' id='word_1_105' title='bbox 842 798 884 829; x_wconf 87' lang='lat' dir='ltr'><strong>ad</strong></span> <span class='ocrx_word' id='word_1_106' title='bbox 898 799 1064 830; x_wconf 86' lang='lat' dir='ltr'><strong>rectorem</strong></span> <span class='ocrx_word' id='word_1_107' title='bbox 1081 798 1223 830; x_wconf 85' lang='lat' dir='ltr'><strong>ducatus</strong></span> <span class='ocrx_word' id='word_1_108' title='bbox 1237 798 1413 838; x_wconf 85' lang='lat' dir='ltr'><strong>Spoletani</strong></span> <span class='ocrx_word' id='word_1_109' title='bbox 1425 800 1462 830; x_wconf 90' lang='lat' dir='ltr'><strong>ut</strong></span> <span class='ocrx_word' id='word_1_110' title='bbox 1476 799 1590 829; x_wconf 86' lang='lat' dir='ltr'><strong>mittat</strong></span> <span class='ocrx_word' id='word_1_111' title='bbox 1603 798 1880 830; x_wconf 84' lang='lat' dir='ltr'><strong>informationem</strong></span> <span class='ocrx_word' id='word_1_112' title='bbox 1899 808 2002 839; x_wconf 83' lang='lat' dir='ltr'><strong>super</strong></span> <span class='ocrx_word' id='word_1_113' title='bbox 2015 801 2158 839; x_wconf 85' lang='lat' dir='ltr'><strong>pecunia</strong></span> <span class='ocrx_word' id='word_1_114' title='bbox 2173 810 2235 840; x_wconf 91' lang='lat' dir='ltr'><strong>pro</strong></span> 
     </span>
     <span class='ocr_line' id='line_1_20' title="bbox 629 851 2235 892; baseline 0.001 -9"><span class='ocrx_word' id='word_1_115' title='bbox 629 852 933 889; x_wconf 85' lang='lat' dir='ltr'><strong>comdemnatione,</strong></span> <span class='ocrx_word' id='word_1_116' title='bbox 958 852 1083 882; x_wconf 84' lang='lat' dir='ltr'><strong>salario</strong></span> <span class='ocrx_word' id='word_1_117' title='bbox 1106 853 1140 882; x_wconf 89' lang='lat' dir='ltr'><strong>et</strong></span> <span class='ocrx_word' id='word_1_118' title='bbox 1158 851 1301 891; x_wconf 84' lang='lat' dir='ltr'><strong>pedagio</strong></span> <span class='ocrx_word' id='word_1_119' title='bbox 1325 860 1345 883; x_wconf 85' lang='lat' dir='ltr'><strong>a</strong></span> <span class='ocrx_word' id='word_1_120' title='bbox 1361 851 1488 891; x_wconf 92' lang='lat' dir='ltr'><strong>populo</strong></span> <span class='ocrx_word' id='word_1_121' title='bbox 1512 852 1726 892; x_wconf 86' lang='lat' dir='ltr'><strong>Fulginaten.</strong></span> <span class='ocrx_word' id='word_1_122' title='bbox 1745 853 1786 884; x_wconf 90' lang='lat' dir='ltr'><strong>R.</strong></span> <span class='ocrx_word' id='word_1_123' title='bbox 1806 852 1847 883; x_wconf 91' lang='lat' dir='ltr'><strong>E.</strong></span> <span class='ocrx_word' id='word_1_124' title='bbox 1865 852 1990 890; x_wconf 82' lang='lat' dir='ltr'><strong>debita,</strong></span> <span class='ocrx_word' id='word_1_125' title='bbox 2006 862 2109 892; x_wconf 87' lang='lat' dir='ltr'><strong>quam</strong></span> <span class='ocrx_word' id='word_1_126' title='bbox 2124 854 2235 885; x_wconf 91' lang='lat' dir='ltr'><strong>minui</strong></span> 
     </span>
     <span class='ocr_line' id='line_1_21' title="bbox 629 904 2082 946; baseline 0 -10"><span class='ocrx_word' id='word_1_127' title='bbox 629 907 759 946; x_wconf 82' lang='lat' dir='ltr'><strong>petunt.</strong></span> <span class='ocrx_word' id='word_1_128' title='bbox 779 906 940 946; x_wconf 83' lang='lat' dir='ltr'><strong>(Armario</strong></span> <span class='ocrx_word' id='word_1_129' title='bbox 956 905 990 943; x_wconf 91' lang='lat' dir='ltr'><strong>C,</strong></span> <span class='ocrx_word' id='word_1_130' title='bbox 1009 905 1088 946; x_wconf 78' lang='lat' dir='ltr'><strong>fasc.</strong></span> <span class='ocrx_word' id='word_1_131' title='bbox 1107 906 1158 941; x_wconf 86' lang='lat'><strong>65,</strong></span> <span class='ocrx_word' id='word_1_132' title='bbox 1175 915 1205 936; x_wconf 80' lang='lat' dir='ltr'><strong>n.</strong></span> <span class='ocrx_word' id='word_1_133' title='bbox 1225 906 1265 939; x_wconf 72' lang='lat'><strong>8:</strong></span> <span class='ocrx_word' id='word_1_134' title='bbox 1283 914 1373 946; x_wconf 75' lang='lat' dir='ltr'><strong>perq.</strong></span> <span class='ocrx_word' id='word_1_135' title='bbox 1388 904 1570 936; x_wconf 76' lang='lat' dir='ltr'><em>humiditate</em></span> <span class='ocrx_word' id='word_1_136' title='bbox 1588 904 1773 945; x_wconf 79' lang='lat' dir='ltr'><strong>labefactum</strong></span> <span class='ocrx_word' id='word_1_137' title='bbox 1787 911 1816 936; x_wconf 85' lang='lat' dir='ltr'><strong>et</strong></span> <span class='ocrx_word' id='word_1_138' title='bbox 1830 906 1897 946; x_wconf 85' lang='lat' dir='ltr'><strong>fere</strong></span> <span class='ocrx_word' id='word_1_139' title='bbox 1909 905 2082 946; x_wconf 78' lang='lat' dir='ltr'><strong>illeyibile.)</strong></span> 
     </span>
     <span class='ocr_line' id='line_1_22' title="bbox 273 956 2236 998; baseline 0.003 -14"><span class='ocrx_word' id='word_1_140' title='bbox 273 957 312 986; x_wconf 84' lang='lat'><strong>29</strong></span> <span class='ocrx_word' id='word_1_141' title='bbox 325 965 392 992; x_wconf 68' lang='lat' dir='ltr'><strong>aua.</strong></span> <span class='ocrx_word' id='word_1_142' title='bbox 410 957 498 986; x_wconf 74' lang='lat'><strong>1325.</strong></span> <span class='ocrx_word' id='word_1_143' title='bbox 675 956 813 989; x_wconf 88' lang='grc'><strong>23382.</strong></span> <span class='ocrx_word' id='word_1_144' title='bbox 833 977 870 982; x_wconf 85' lang='grc'>-</span> <span class='ocrx_word' id='word_1_145' title='bbox 893 959 1164 990; x_wconf 85' lang='lat' dir='ltr'><strong>Instrumentum</strong></span> <span class='ocrx_word' id='word_1_146' title='bbox 1186 958 1430 998; x_wconf 87' lang='lat' dir='ltr'>publicationis</span> <span class='ocrx_word' id='word_1_147' title='bbox 1451 967 1674 998; x_wconf 85' lang='lat' dir='ltr'><strong>processuum</strong></span> <span class='ocrx_word' id='word_1_148' title='bbox 1699 960 1817 990; x_wconf 87' lang='lat' dir='ltr'><strong>contra</strong></span> <span class='ocrx_word' id='word_1_149' title='bbox 1840 959 2057 991; x_wconf 86' lang='lat' dir='ltr'><strong>Castrucium</strong></span> <span class='ocrx_word' id='word_1_150' title='bbox 2076 959 2172 991; x_wconf 88' lang='lat' dir='ltr'><strong>Gerii</strong></span> <span class='ocrx_word' id='word_1_151' title='bbox 2195 960 2236 991; x_wconf 83' lang='lat' dir='ltr'><strong>de</strong></span> 
     </span>
     <span class='ocr_line' id='line_1_23' title="bbox 630 1011 2237 1053; baseline -0.001 -10"><span class='ocrx_word' id='word_1_152' title='bbox 630 1012 890 1044; x_wconf 88' lang='lat' dir='ltr'><strong>Anterminellis</strong></span> <span class='ocrx_word' id='word_1_153' title='bbox 904 1013 940 1044; x_wconf 92' lang='lat' dir='ltr'><strong>in</strong></span> <span class='ocrx_word' id='word_1_154' title='bbox 954 1012 1068 1052; x_wconf 83' lang='lat' dir='ltr'><strong>platea</strong></span> <span class='ocrx_word' id='word_1_155' title='bbox 1082 1012 1273 1043; x_wconf 90' lang='lat' dir='ltr'><strong>communis</strong></span> <span class='ocrx_word' id='word_1_156' title='bbox 1288 1011 1447 1043; x_wconf 87' lang='lat' dir='ltr'><strong>Bictonii.</strong></span> <span class='ocrx_word' id='word_1_157' title='bbox 1464 1011 1623 1052; x_wconf 85' lang='lat' dir='ltr'><strong>(Armario</strong></span> <span class='ocrx_word' id='word_1_158' title='bbox 1637 1011 1673 1048; x_wconf 88' lang='lat' dir='ltr'><strong>C,</strong></span> <span class='ocrx_word' id='word_1_159' title='bbox 1691 1012 1769 1051; x_wconf 80' lang='lat' dir='ltr'><strong>fasc.</strong></span> <span class='ocrx_word' id='word_1_160' title='bbox 1785 1014 1835 1050; x_wconf 91' lang='lat'><strong>71,</strong></span> <span class='ocrx_word' id='word_1_161' title='bbox 1851 1022 1882 1042; x_wconf 86' lang='lat' dir='ltr'><strong>n.</strong></span> <span class='ocrx_word' id='word_1_162' title='bbox 1903 1014 1918 1043; x_wconf 91' lang='lat'><strong>1</strong></span> <span class='ocrx_word' id='word_1_163' title='bbox 1936 1012 1947 1042; x_wconf 91' lang='lat' dir='ltr'><strong>l</strong></span> <span class='ocrx_word' id='word_1_164' title='bbox 1957 1022 1966 1048; x_wconf 84' lang='lat'><em>3</em></span> <span class='ocrx_word' id='word_1_165' title='bbox 1982 1022 2067 1053; x_wconf 74' lang='lat' dir='ltr'><strong>perq.</strong></span> <span class='ocrx_word' id='word_1_166' title='bbox 2086 1012 2237 1053; x_wconf 75' lang='lat' dir='ltr'><strong>lonqum.)</strong></span> 
     </span>
     <span class='ocr_line' id='line_1_24' title="bbox 345 1063 2236 1106; baseline 0.002 -14"><span class='ocrx_word' id='word_1_167' title='bbox 345 1065 381 1093; x_wconf 84' lang='lat' dir='ltr'><strong>Ut</strong></span> <span class='ocrx_word' id='word_1_168' title='bbox 402 1073 425 1092; x_wconf 83' lang='lat' dir='ltr'><strong>s.</strong></span> <span class='ocrx_word' id='word_1_169' title='bbox 675 1063 814 1095; x_wconf 90' lang='grc'><strong>23383.</strong></span> <span class='ocrx_word' id='word_1_170' title='bbox 832 1083 870 1088; x_wconf 90' lang='grc'>-</span> <span class='ocrx_word' id='word_1_171' title='bbox 890 1066 977 1097; x_wconf 83' lang='lat' dir='ltr'><strong>Item</strong></span> <span class='ocrx_word' id='word_1_172' title='bbox 1002 1066 1037 1096; x_wconf 91' lang='lat' dir='ltr'><strong>in</strong></span> <span class='ocrx_word' id='word_1_173' title='bbox 1061 1065 1206 1096; x_wconf 82' lang='lat' dir='ltr'><strong>ecclesia</strong></span> <span class='ocrx_word' id='word_1_174' title='bbox 1225 1074 1252 1096; x_wconf 91' lang='lat' dir='ltr'><strong>s.</strong></span> <span class='ocrx_word' id='word_1_175' title='bbox 1277 1065 1421 1096; x_wconf 85' lang='lat' dir='ltr'><strong>Joannis</strong></span> <span class='ocrx_word' id='word_1_176' title='bbox 1451 1065 1591 1105; x_wconf 88' lang='lat' dir='ltr'><strong>Majoris</strong></span> <span class='ocrx_word' id='word_1_177' title='bbox 1613 1066 1654 1096; x_wconf 86' lang='lat' dir='ltr'><strong>de</strong></span> <span class='ocrx_word' id='word_1_178' title='bbox 1677 1065 1827 1105; x_wconf 86' lang='lat' dir='ltr'><strong>Spoleto.</strong></span> <span class='ocrx_word' id='word_1_179' title='bbox 1854 1065 2013 1106; x_wconf 84' lang='lat' dir='ltr'><strong>(Armario</strong></span> <span class='ocrx_word' id='word_1_180' title='bbox 2035 1065 2070 1103; x_wconf 84' lang='lat' dir='ltr'><strong>C,</strong></span> <span class='ocrx_word' id='word_1_181' title='bbox 2086 1066 2166 1106; x_wconf 78' lang='lat' dir='ltr'><strong>fasc.</strong></span> <span class='ocrx_word' id='word_1_182' title='bbox 2185 1067 2236 1103; x_wconf 85' lang='lat'><strong>71,</strong></span> 
     </span>
     <span class='ocr_line' id='line_1_25' title="bbox 420 1119 1997 1160; baseline 0.002 -12"><span class='ocrx_word' id='word_1_183' title='bbox 420 1146 423 1148; x_wconf 77' lang='grc'><strong><em>,</em></strong></span> <span class='ocrx_word' id='word_1_184' title='bbox 630 1130 661 1150; x_wconf 87' lang='grc' dir='ltr'><strong>η.</strong></span> <span class='ocrx_word' id='word_1_185' title='bbox 681 1122 696 1150; x_wconf 92' lang='grc'><strong>1</strong></span> <span class='ocrx_word' id='word_1_186' title='bbox 711 1129 758 1155; x_wconf 83' lang='grc' dir='ltr'><strong>ηι;</strong></span> <span class='ocrx_word' id='word_1_187' title='bbox 773 1129 861 1159; x_wconf 72' lang='lat' dir='ltr'><strong>pery.</strong></span> <span class='ocrx_word' id='word_1_188' title='bbox 880 1119 1031 1160; x_wconf 64' lang='lat' dir='ltr'><strong>longum.)</strong></span> <span class='ocrx_word' id='word_1_189' title='bbox 1995 1122 1997 1124; x_wconf 76' lang='grc'>’</span> 
     </span>
     <span class='ocr_line' id='line_1_26' title="bbox 199 1170 2115 1244; baseline 0.002 -45"><span class='ocrx_word' id='word_1_190' title='bbox 199 1172 238 1200; x_wconf 88' lang='lat'><strong>30</strong></span> <span class='ocrx_word' id='word_1_191' title='bbox 251 1172 309 1207; x_wconf 84' lang='lat' dir='ltr'><strong>(die</strong></span> <span class='ocrx_word' id='word_1_192' title='bbox 321 1171 496 1244; x_wconf 52' lang='lat' dir='ltr'><strong>penulgtima)</strong></span> <span class='ocrx_word' id='word_1_193' title='bbox 507 1179 572 1206; x_wconf 74' lang='lat' dir='ltr'><strong>auq-</strong></span> <span class='ocrx_word' id='word_1_194' title='bbox 675 1170 812 1202; x_wconf 80' lang='grc'><strong>23384.</strong></span> <span class='ocrx_word' id='word_1_195' title='bbox 830 1190 870 1196; x_wconf 87' lang='lat'><strong>—-</strong></span> <span class='ocrx_word' id='word_1_196' title='bbox 884 1173 970 1204; x_wconf 91' lang='lat' dir='ltr'><strong>Item</strong></span> <span class='ocrx_word' id='word_1_197' title='bbox 985 1173 1021 1203; x_wconf 91' lang='lat' dir='ltr'><strong>in</strong></span> <span class='ocrx_word' id='word_1_198' title='bbox 1035 1174 1127 1204; x_wconf 85' lang='lat' dir='ltr'><strong>terra</strong></span> <span class='ocrx_word' id='word_1_199' title='bbox 1138 1172 1313 1204; x_wconf 87' lang='lat' dir='ltr'><strong>Mevaniae.</strong></span> <span class='ocrx_word' id='word_1_200' title='bbox 1331 1171 1492 1212; x_wconf 77' lang='lat' dir='ltr'><strong>(Armario</strong></span> <span class='ocrx_word' id='word_1_201' title='bbox 1508 1171 1544 1209; x_wconf 89' lang='lat' dir='ltr'><strong>C,</strong></span> <span class='ocrx_word' id='word_1_202' title='bbox 1561 1172 1640 1212; x_wconf 79' lang='lat' dir='ltr'><strong>fasc.</strong></span> <span class='ocrx_word' id='word_1_203' title='bbox 1657 1174 1707 1211; x_wconf 87' lang='lat'><strong>71,</strong></span> <span class='ocrx_word' id='word_1_204' title='bbox 1724 1182 1754 1202; x_wconf 82' lang='lat' dir='ltr'><strong>n.</strong></span> <span class='ocrx_word' id='word_1_205' title='bbox 1773 1174 1787 1202; x_wconf 91' lang='lat'><strong>1</strong></span> <span class='ocrx_word' id='word_1_206' title='bbox 1804 1182 1842 1210; x_wconf 84' lang='lat' dir='ltr'><strong>n;</strong></span> <span class='ocrx_word' id='word_1_207' title='bbox 1853 1182 1943 1213; x_wconf 74' lang='lat' dir='ltr'><strong>pery.</strong></span> <span class='ocrx_word' id='word_1_208' title='bbox 1956 1172 2115 1213; x_wconf 84' lang='lat' dir='ltr'><strong>parvum.)</strong></span> 
     </span>
     <span class='ocr_line' id='line_1_27' title="bbox 133 1216 428 1246; baseline 0.014 -4"><span class='ocrx_word' id='word_1_209' title='bbox 133 1216 137 1221; x_wconf 95' lang='lat'>&#39;</span> <span class='ocrx_word' id='word_1_210' title='bbox 340 1218 398 1246; x_wconf 71' lang='lat'><strong>132</strong></span> <span class='ocrx_word' id='word_1_211' title='bbox 423 1240 428 1246; x_wconf 95' lang='lat'>.</span> 
     </span>
    </p>
   </div>
   <div class='ocr_carea' id='block_1_11' title="bbox 626 1277 2240 2017">
    <p class='ocr_par' dir='ltr' id='par_1_11' title="bbox 628 1277 2237 1375">
     <span class='ocr_line' id='line_1_28' title="bbox 673 1277 2237 1320; baseline 0 -10"><span class='ocrx_word' id='word_1_212' title='bbox 673 1277 811 1310; x_wconf 80' lang='lat'><strong>23385.</strong></span> <span class='ocrx_word' id='word_1_213' title='bbox 828 1297 866 1303; x_wconf 85' lang='lat'><strong>—</strong></span> <span class='ocrx_word' id='word_1_214' title='bbox 887 1281 973 1312; x_wconf 89' lang='lat' dir='ltr'><strong>Item</strong></span> <span class='ocrx_word' id='word_1_215' title='bbox 998 1280 1034 1311; x_wconf 88' lang='lat' dir='ltr'><strong>in</strong></span> <span class='ocrx_word' id='word_1_216' title='bbox 1052 1279 1179 1320; x_wconf 86' lang='lat' dir='ltr'><strong>palatio</strong></span> <span class='ocrx_word' id='word_1_217' title='bbox 1201 1279 1394 1311; x_wconf 87' lang='lat' dir='ltr'><strong>communis</strong></span> <span class='ocrx_word' id='word_1_218' title='bbox 1420 1280 1524 1311; x_wconf 84' lang='lat' dir='ltr'><strong>castri</strong></span> <span class='ocrx_word' id='word_1_219' title='bbox 1549 1279 1687 1312; x_wconf 87' lang='lat' dir='ltr'><strong>Gualdi.</strong></span> <span class='ocrx_word' id='word_1_220' title='bbox 1709 1279 1868 1320; x_wconf 72' lang='lat' dir='ltr'><strong>(Ar-mario</strong></span> <span class='ocrx_word' id='word_1_221' title='bbox 1888 1279 1924 1317; x_wconf 92' lang='lat' dir='ltr'><strong>C,</strong></span> <span class='ocrx_word' id='word_1_222' title='bbox 1947 1280 2026 1320; x_wconf 80' lang='lat' dir='ltr'><strong>fasc.</strong></span> <span class='ocrx_word' id='word_1_223' title='bbox 2045 1282 2097 1318; x_wconf 90' lang='grc'><strong>71,</strong></span> <span class='ocrx_word' id='word_1_224' title='bbox 2116 1290 2147 1312; x_wconf 76' lang='lat' dir='ltr'><strong>n.</strong></span> <span class='ocrx_word' id='word_1_225' title='bbox 2168 1281 2183 1310; x_wconf 94' lang='lat'><strong>1</strong></span> <span class='ocrx_word' id='word_1_226' title='bbox 2201 1288 2237 1317; x_wconf 77' lang='lat'><strong>⁰3</strong></span> 
     </span>
     <span class='ocr_line' id='line_1_29' title="bbox 628 1333 1121 1375; baseline -0.002 -10"><span class='ocrx_word' id='word_1_227' title='bbox 628 1344 716 1375; x_wconf 77' lang='lat' dir='ltr'><strong>perq.</strong></span> <span class='ocrx_word' id='word_1_228' title='bbox 735 1334 889 1371; x_wconf 79' lang='lat' dir='ltr'><strong>strictum,</strong></span> <span class='ocrx_word' id='word_1_229' title='bbox 905 1333 958 1365; x_wconf 84' lang='lat' dir='ltr'><strong>sed</strong></span> <span class='ocrx_word' id='word_1_230' title='bbox 971 1333 1121 1374; x_wconf 72' lang='lat' dir='ltr'><strong>tanqum.)</strong></span> 
     </span>
    </p>

    <p class='ocr_par' dir='ltr' id='par_1_12' title="bbox 629 1385 2237 1483">
     <span class='ocr_line' id='line_1_30' title="bbox 674 1385 2237 1427; baseline -0.001 -9"><span class='ocrx_word' id='word_1_231' title='bbox 674 1385 814 1418; x_wconf 82' lang='grc'><strong>23386.</strong></span> <span class='ocrx_word' id='word_1_232' title='bbox 832 1404 871 1410; x_wconf 94' lang='grc'>-</span> <span class='ocrx_word' id='word_1_233' title='bbox 884 1388 972 1419; x_wconf 86' lang='lat' dir='ltr'><strong>Item</strong></span> <span class='ocrx_word' id='word_1_234' title='bbox 986 1388 1022 1418; x_wconf 93' lang='lat' dir='ltr'><strong>in</strong></span> <span class='ocrx_word' id='word_1_235' title='bbox 1039 1387 1183 1418; x_wconf 86' lang='lat' dir='ltr'><strong>ecclesia</strong></span> <span class='ocrx_word' id='word_1_236' title='bbox 1208 1395 1237 1418; x_wconf 94' lang='lat' dir='ltr'><strong>s.</strong></span> <span class='ocrx_word' id='word_1_237' title='bbox 1254 1386 1433 1426; x_wconf 86' lang='lat' dir='ltr'><strong>Crispoliti</strong></span> <span class='ocrx_word' id='word_1_238' title='bbox 1448 1387 1489 1418; x_wconf 81' lang='lat' dir='ltr'><strong>de</strong></span> <span class='ocrx_word' id='word_1_239' title='bbox 1513 1387 1681 1418; x_wconf 89' lang='lat' dir='ltr'><strong>Bictonio.</strong></span> <span class='ocrx_word' id='word_1_240' title='bbox 1708 1387 1867 1426; x_wconf 79' lang='lat' dir='ltr'><strong>(Ar-mario</strong></span> <span class='ocrx_word' id='word_1_241' title='bbox 1891 1386 1927 1424; x_wconf 88' lang='lat' dir='ltr'><strong>C,</strong></span> <span class='ocrx_word' id='word_1_242' title='bbox 1945 1387 2024 1427; x_wconf 83' lang='lat' dir='ltr'><strong>fasc.</strong></span> <span class='ocrx_word' id='word_1_243' title='bbox 2044 1388 2095 1424; x_wconf 90' lang='lat'><strong>71,</strong></span> <span class='ocrx_word' id='word_1_244' title='bbox 2114 1397 2145 1416; x_wconf 84' lang='lat' dir='ltr'><strong>n.</strong></span> <span class='ocrx_word' id='word_1_245' title='bbox 2166 1387 2181 1417; x_wconf 95' lang='lat'><strong>1</strong></span> <span class='ocrx_word' id='word_1_246' title='bbox 2199 1393 2237 1426; x_wconf 79' lang='lat' dir='ltr'><strong>q3</strong></span> 
     </span>
     <span class='ocr_line' id='line_1_31' title="bbox 629 1440 1126 1483; baseline 0.002 -12"><span class='ocrx_word' id='word_1_247' title='bbox 629 1451 720 1483; x_wconf 74' lang='lat' dir='ltr'><strong>perq.</strong></span> <span class='ocrx_word' id='word_1_248' title='bbox 735 1441 887 1478; x_wconf 80' lang='lat' dir='ltr'><strong>strictum,</strong></span> <span class='ocrx_word' id='word_1_249' title='bbox 905 1441 959 1471; x_wconf 76' lang='lat' dir='ltr'><strong>sed</strong></span> <span class='ocrx_word' id='word_1_250' title='bbox 977 1440 1126 1481; x_wconf 77' lang='lat' dir='ltr'><strong>lonqum.)</strong></span> 
     </span>
    </p>

    <p class='ocr_par' dir='ltr' id='par_1_13' title="bbox 626 1492 2238 1589">
     <span class='ocr_line' id='line_1_32' title="bbox 675 1492 2238 1534; baseline -0.002 -9"><span class='ocrx_word' id='word_1_251' title='bbox 675 1492 812 1525; x_wconf 84' lang='lat'><strong>23387.</strong></span> <span class='ocrx_word' id='word_1_252' title='bbox 830 1512 869 1517; x_wconf 89' lang='lat'>—</span> <span class='ocrx_word' id='word_1_253' title='bbox 881 1494 968 1526; x_wconf 88' lang='lat' dir='ltr'><strong>Item</strong></span> <span class='ocrx_word' id='word_1_254' title='bbox 983 1494 1018 1525; x_wconf 89' lang='lat' dir='ltr'><strong>in</strong></span> <span class='ocrx_word' id='word_1_255' title='bbox 1038 1493 1166 1534; x_wconf 88' lang='lat' dir='ltr'><strong>palatio</strong></span> <span class='ocrx_word' id='word_1_256' title='bbox 1184 1493 1375 1525; x_wconf 90' lang='lat' dir='ltr'><strong>communis</strong></span> <span class='ocrx_word' id='word_1_257' title='bbox 1388 1493 1538 1525; x_wconf 88' lang='lat' dir='ltr'><strong>civitatis</strong></span> <span class='ocrx_word' id='word_1_258' title='bbox 1552 1493 1693 1533; x_wconf 84' lang='lat' dir='ltr'><strong>Spoleti.</strong></span> <span class='ocrx_word' id='word_1_259' title='bbox 1711 1494 1873 1534; x_wconf 71' lang='lat' dir='ltr'><strong>(Ar-mario</strong></span> <span class='ocrx_word' id='word_1_260' title='bbox 1889 1493 1925 1531; x_wconf 90' lang='lat' dir='ltr'><strong>C,</strong></span> <span class='ocrx_word' id='word_1_261' title='bbox 1946 1493 2025 1533; x_wconf 80' lang='lat' dir='ltr'><strong>fasc.</strong></span> <span class='ocrx_word' id='word_1_262' title='bbox 2042 1494 2092 1530; x_wconf 88' lang='lat'><strong>71,</strong></span> <span class='ocrx_word' id='word_1_263' title='bbox 2109 1502 2141 1522; x_wconf 81' lang='grc' dir='ltr'><strong>η.</strong></span> <span class='ocrx_word' id='word_1_264' title='bbox 2159 1494 2173 1523; x_wconf 87' lang='grc'><strong>1</strong></span> <span class='ocrx_word' id='word_1_265' title='bbox 2184 1501 2238 1532; x_wconf 83' lang='lat' dir='ltr'><strong>p.;</strong></span> 
     </span>
     <span class='ocr_line' id='line_1_33' title="bbox 626 1547 1120 1589; baseline -0.004 -10"><span class='ocrx_word' id='word_1_266' title='bbox 626 1558 717 1589; x_wconf 76' lang='lat' dir='ltr'><strong>perq.</strong></span> <span class='ocrx_word' id='word_1_267' title='bbox 734 1547 886 1586; x_wconf 76' lang='lat' dir='ltr'><strong>strictum,</strong></span> <span class='ocrx_word' id='word_1_268' title='bbox 903 1547 957 1578; x_wconf 74' lang='lat' dir='ltr'><strong>sed</strong></span> <span class='ocrx_word' id='word_1_269' title='bbox 969 1547 1120 1588; x_wconf 62' lang='lat' dir='ltr'><strong>longum.)</strong></span> 
     </span>
    </p>

    <p class='ocr_par' dir='ltr' id='par_1_14' title="bbox 674 1598 2190 1641">
     <span class='ocr_line' id='line_1_34' title="bbox 674 1598 2190 1641; baseline -0.002 -9"><span class='ocrx_word' id='word_1_270' title='bbox 674 1598 814 1632; x_wconf 82' lang='lat'><strong>23388.</strong></span> <span class='ocrx_word' id='word_1_271' title='bbox 829 1618 867 1624; x_wconf 95' lang='lat'>—</span> <span class='ocrx_word' id='word_1_272' title='bbox 881 1602 968 1633; x_wconf 85' lang='lat' dir='ltr'><strong>Item</strong></span> <span class='ocrx_word' id='word_1_273' title='bbox 984 1601 1017 1631; x_wconf 91' lang='lat' dir='ltr'><strong>in</strong></span> <span class='ocrx_word' id='word_1_274' title='bbox 1032 1601 1146 1640; x_wconf 86' lang='lat' dir='ltr'><strong>platea</strong></span> <span class='ocrx_word' id='word_1_275' title='bbox 1162 1600 1354 1632; x_wconf 90' lang='lat' dir='ltr'><strong>communis</strong></span> <span class='ocrx_word' id='word_1_276' title='bbox 1370 1601 1542 1632; x_wconf 86' lang='lat' dir='ltr'><strong>Cannarii.</strong></span> <span class='ocrx_word' id='word_1_277' title='bbox 1563 1601 1723 1641; x_wconf 69' lang='lat' dir='ltr'><strong>(Ar-mario</strong></span> <span class='ocrx_word' id='word_1_278' title='bbox 1741 1600 1778 1636; x_wconf 90' lang='lat' dir='ltr'><strong>C,</strong></span> <span class='ocrx_word' id='word_1_279' title='bbox 1792 1600 1871 1641; x_wconf 79' lang='lat' dir='ltr'><strong>fasc.</strong></span> <span class='ocrx_word' id='word_1_280' title='bbox 1890 1602 1942 1638; x_wconf 88' lang='lat'><strong>71,</strong></span> <span class='ocrx_word' id='word_1_281' title='bbox 1958 1611 1988 1630; x_wconf 86' lang='lat' dir='ltr'><strong>n.</strong></span> <span class='ocrx_word' id='word_1_282' title='bbox 2007 1601 2021 1630; x_wconf 93' lang='lat'><strong>1</strong></span> <span class='ocrx_word' id='word_1_283' title='bbox 2040 1609 2074 1636; x_wconf 86' lang='lat' dir='ltr'><strong>a;</strong></span> <span class='ocrx_word' id='word_1_284' title='bbox 2086 1598 2190 1640; x_wconf 76' lang='lat' dir='ltr'><strong>perq.)</strong></span> 
     </span>
    </p>

    <p class='ocr_par' dir='ltr' id='par_1_15' title="bbox 629 1652 2238 1750">
     <span class='ocr_line' id='line_1_35' title="bbox 675 1652 2238 1694; baseline -0.001 -10"><span class='ocrx_word' id='word_1_285' title='bbox 675 1652 810 1684; x_wconf 88' lang='grc'><strong>23389.</strong></span> <span class='ocrx_word' id='word_1_286' title='bbox 831 1673 869 1678; x_wconf 91' lang='grc'>-</span> <span class='ocrx_word' id='word_1_287' title='bbox 885 1655 972 1686; x_wconf 91' lang='lat' dir='ltr'><strong>Item</strong></span> <span class='ocrx_word' id='word_1_288' title='bbox 986 1655 1022 1685; x_wconf 91' lang='lat' dir='ltr'><strong>in</strong></span> <span class='ocrx_word' id='word_1_289' title='bbox 1038 1655 1130 1685; x_wconf 86' lang='lat' dir='ltr'><strong>terra</strong></span> <span class='ocrx_word' id='word_1_290' title='bbox 1139 1654 1243 1685; x_wconf 85' lang='lat' dir='ltr'><strong>castri</strong></span> <span class='ocrx_word' id='word_1_291' title='bbox 1260 1654 1368 1686; x_wconf 87' lang='lat' dir='ltr'><strong>Collis</strong></span> <span class='ocrx_word' id='word_1_292' title='bbox 1378 1654 1494 1686; x_wconf 88' lang='lat' dir='ltr'><strong>Martii</strong></span> <span class='ocrx_word' id='word_1_293' title='bbox 1507 1654 1682 1694; x_wconf 86' lang='lat' dir='ltr'><strong>Spoletani</strong></span> <span class='ocrx_word' id='word_1_294' title='bbox 1698 1654 1854 1685; x_wconf 85' lang='lat' dir='ltr'><strong>ducatus.</strong></span> <span class='ocrx_word' id='word_1_295' title='bbox 1871 1653 2030 1694; x_wconf 77' lang='lat' dir='ltr'><strong>(Armario</strong></span> <span class='ocrx_word' id='word_1_296' title='bbox 2048 1652 2085 1691; x_wconf 89' lang='lat' dir='ltr'><strong>C,</strong></span> <span class='ocrx_word' id='word_1_297' title='bbox 2094 1653 2175 1693; x_wconf 76' lang='lat' dir='ltr'><strong>fasc.</strong></span> <span class='ocrx_word' id='word_1_298' title='bbox 2189 1654 2238 1689; x_wconf 90' lang='lat'><strong>71,</strong></span> 
     </span>
     <span class='ocr_line' id='line_1_36' title="bbox 629 1707 1258 1750; baseline -0.002 -11"><span class='ocrx_word' id='word_1_299' title='bbox 629 1719 660 1739; x_wconf 84' lang='lat' dir='ltr'><strong>n.</strong></span> <span class='ocrx_word' id='word_1_300' title='bbox 679 1711 694 1739; x_wconf 95' lang='lat'><strong>1</strong></span> <span class='ocrx_word' id='word_1_301' title='bbox 712 1719 729 1739; x_wconf 86' lang='lat' dir='ltr'><strong>r</strong></span> <span class='ocrx_word' id='word_1_302' title='bbox 737 1718 747 1745; x_wconf 62' lang='grc' dir='ltr'><strong><em>ς</em></strong></span> <span class='ocrx_word' id='word_1_303' title='bbox 765 1718 855 1750; x_wconf 78' lang='lat' dir='ltr'><strong>perq.</strong></span> <span class='ocrx_word' id='word_1_304' title='bbox 872 1708 1023 1746; x_wconf 78' lang='lat' dir='ltr'><strong>strictum,</strong></span> <span class='ocrx_word' id='word_1_305' title='bbox 1039 1707 1092 1738; x_wconf 85' lang='lat' dir='ltr'><strong>sed</strong></span> <span class='ocrx_word' id='word_1_306' title='bbox 1107 1707 1258 1748; x_wconf 75' lang='lat' dir='ltr'><strong>lonqum.)</strong></span> 
     </span>
    </p>

    <p class='ocr_par' dir='ltr' id='par_1_16' title="bbox 629 1758 2237 1910">
     <span class='ocr_line' id='line_1_37' title="bbox 674 1758 2237 1801; baseline 0 -10"><span class='ocrx_word' id='word_1_307' title='bbox 674 1759 800 1792; x_wconf 88' lang='grc'><strong>23389</strong></span> <span class='ocrx_word' id='word_1_308' title='bbox 815 1758 908 1801; x_wconf 78' lang='lat' dir='ltr'><strong>(bis).</strong></span> <span class='ocrx_word' id='word_1_309' title='bbox 933 1779 968 1787; x_wconf 86' lang='lat'><em>-</em></span> <span class='ocrx_word' id='word_1_310' title='bbox 981 1762 1252 1792; x_wconf 87' lang='lat' dir='ltr'><strong>Instrumentum</strong></span> <span class='ocrx_word' id='word_1_311' title='bbox 1265 1760 1510 1801; x_wconf 85' lang='lat' dir='ltr'><strong>publicationis</strong></span> <span class='ocrx_word' id='word_1_312' title='bbox 1521 1769 1744 1801; x_wconf 90' lang='lat' dir='ltr'><strong>processuum</strong></span> <span class='ocrx_word' id='word_1_313' title='bbox 1769 1762 1886 1792; x_wconf 87' lang='lat' dir='ltr'><strong>contra</strong></span> <span class='ocrx_word' id='word_1_314' title='bbox 1903 1760 2115 1791; x_wconf 88' lang='lat' dir='ltr'><strong>Ludovicum</strong></span> <span class='ocrx_word' id='word_1_315' title='bbox 2132 1760 2237 1791; x_wconf 82' lang='lat' dir='ltr'><strong>Bava-</strong></span> 
     </span>
     <span class='ocr_line' id='line_1_38' title="bbox 630 1813 2233 1854; baseline -0.002 -7"><span class='ocrx_word' id='word_1_316' title='bbox 630 1825 706 1847; x_wconf 92' lang='lat' dir='ltr'><strong>rum</strong></span> <span class='ocrx_word' id='word_1_317' title='bbox 722 1817 754 1847; x_wconf 86' lang='lat' dir='ltr'><strong>et</strong></span> <span class='ocrx_word' id='word_1_318' title='bbox 779 1815 870 1846; x_wconf 90' lang='lat' dir='ltr'><strong>filios</strong></span> <span class='ocrx_word' id='word_1_319' title='bbox 887 1815 1021 1847; x_wconf 85' lang='lat' dir='ltr'><strong>Mathaei</strong></span> <span class='ocrx_word' id='word_1_320' title='bbox 1041 1815 1081 1846; x_wconf 88' lang='lat' dir='ltr'><strong>de</strong></span> <span class='ocrx_word' id='word_1_321' title='bbox 1098 1814 1365 1846; x_wconf 81' lang='lat' dir='ltr'><strong>vicecomitibus</strong></span> <span class='ocrx_word' id='word_1_322' title='bbox 1387 1815 1423 1845; x_wconf 91' lang='lat' dir='ltr'><strong>in</strong></span> <span class='ocrx_word' id='word_1_323' title='bbox 1444 1814 1588 1846; x_wconf 83' lang='lat' dir='ltr'><strong>ecclesia</strong></span> <span class='ocrx_word' id='word_1_324' title='bbox 1610 1823 1637 1846; x_wconf 91' lang='lat' dir='ltr'><strong>s.</strong></span> <span class='ocrx_word' id='word_1_325' title='bbox 1654 1814 1748 1846; x_wconf 85' lang='lat' dir='ltr'><strong>Petri</strong></span> <span class='ocrx_word' id='word_1_326' title='bbox 1770 1814 1932 1854; x_wconf 87' lang='lat' dir='ltr'><strong>martyris</strong></span> <span class='ocrx_word' id='word_1_327' title='bbox 1955 1814 1995 1845; x_wconf 85' lang='lat' dir='ltr'><strong>de</strong></span> <span class='ocrx_word' id='word_1_328' title='bbox 2013 1813 2171 1854; x_wconf 85' lang='lat' dir='ltr'><strong>Neapoli,</strong></span> <span class='ocrx_word' id='word_1_329' title='bbox 2193 1813 2233 1845; x_wconf 94' lang='lat' dir='ltr'><strong>O.</strong></span> 
     </span>
     <span class='ocr_line' id='line_1_39' title="bbox 629 1868 1349 1910; baseline -0.004 -9"><span class='ocrx_word' id='word_1_330' title='bbox 629 1870 668 1901; x_wconf 91' lang='lat' dir='ltr'><strong>F.</strong></span> <span class='ocrx_word' id='word_1_331' title='bbox 688 1869 726 1901; x_wconf 90' lang='lat' dir='ltr'><strong>P.</strong></span> <span class='ocrx_word' id='word_1_332' title='bbox 747 1869 905 1910; x_wconf 83' lang='lat' dir='ltr'><strong>(Armario</strong></span> <span class='ocrx_word' id='word_1_333' title='bbox 921 1868 958 1906; x_wconf 88' lang='lat' dir='ltr'><strong>C,</strong></span> <span class='ocrx_word' id='word_1_334' title='bbox 975 1869 1054 1909; x_wconf 81' lang='lat' dir='ltr'><strong>fasc.</strong></span> <span class='ocrx_word' id='word_1_335' title='bbox 1073 1869 1123 1905; x_wconf 82' lang='lat'><strong>56,</strong></span> <span class='ocrx_word' id='word_1_336' title='bbox 1142 1878 1174 1898; x_wconf 84' lang='lat' dir='ltr'><strong>n.</strong></span> <span class='ocrx_word' id='word_1_337' title='bbox 1193 1869 1228 1905; x_wconf 85' lang='lat'><strong>5;</strong></span> <span class='ocrx_word' id='word_1_338' title='bbox 1245 1868 1349 1909; x_wconf 75' lang='lat' dir='ltr'><strong>perq.)</strong></span> 
     </span>
    </p>

    <p class='ocr_par' dir='ltr' id='par_1_17' title="bbox 629 1920 2240 2017">
     <span class='ocr_line' id='line_1_40' title="bbox 673 1920 2240 1962; baseline 0 -10"><span class='ocrx_word' id='word_1_339' title='bbox 673 1920 812 1953; x_wconf 85' lang='grc'><strong>23390.</strong></span> <span class='ocrx_word' id='word_1_340' title='bbox 830 1940 869 1945; x_wconf 89' lang='grc'>-</span> <span class='ocrx_word' id='word_1_341' title='bbox 888 1923 1051 1954; x_wconf 89' lang='lat' dir='ltr'><strong>Instrum.</strong></span> <span class='ocrx_word' id='word_1_342' title='bbox 1069 1922 1311 1962; x_wconf 85' lang='lat' dir='ltr'><strong>publicationis</strong></span> <span class='ocrx_word' id='word_1_343' title='bbox 1336 1931 1561 1962; x_wconf 91' lang='lat' dir='ltr'><strong>processuum</strong></span> <span class='ocrx_word' id='word_1_344' title='bbox 1577 1923 1694 1954; x_wconf 80' lang='lat' dir='ltr'><strong>eontra</strong></span> <span class='ocrx_word' id='word_1_345' title='bbox 1709 1922 1925 1954; x_wconf 87' lang='lat' dir='ltr'><strong>Castrucium</strong></span> <span class='ocrx_word' id='word_1_346' title='bbox 1940 1922 2035 1955; x_wconf 87' lang='lat' dir='ltr'><strong>Gerii</strong></span> <span class='ocrx_word' id='word_1_347' title='bbox 2055 1922 2096 1953; x_wconf 89' lang='lat' dir='ltr'><strong>de</strong></span> <span class='ocrx_word' id='word_1_348' title='bbox 2116 1921 2240 1953; x_wconf 86' lang='lat' dir='ltr'><strong>Anter-</strong></span> 
     </span>
     <span class='ocr_line' id='line_1_41' title="bbox 629 1975 2113 2017; baseline -0.001 -9"><span class='ocrx_word' id='word_1_349' title='bbox 629 1977 783 2008; x_wconf 87' lang='lat' dir='ltr'><strong>minellis</strong></span> <span class='ocrx_word' id='word_1_350' title='bbox 798 1977 833 2008; x_wconf 92' lang='lat' dir='ltr'><strong>in</strong></span> <span class='ocrx_word' id='word_1_351' title='bbox 851 1976 965 2016; x_wconf 86' lang='lat' dir='ltr'><strong>platea</strong></span> <span class='ocrx_word' id='word_1_352' title='bbox 979 1976 1171 2007; x_wconf 90' lang='lat' dir='ltr'><strong>communis</strong></span> <span class='ocrx_word' id='word_1_353' title='bbox 1187 1975 1308 2016; x_wconf 83' lang='lat' dir='ltr'><strong>Spelli.</strong></span> <span class='ocrx_word' id='word_1_354' title='bbox 1324 1975 1487 2016; x_wconf 82' lang='lat' dir='ltr'><strong>(Armario</strong></span> <span class='ocrx_word' id='word_1_355' title='bbox 1505 1976 1541 2015; x_wconf 89' lang='lat' dir='ltr'><strong>C,</strong></span> <span class='ocrx_word' id='word_1_356' title='bbox 1557 1976 1637 2016; x_wconf 81' lang='lat' dir='ltr'><strong>fasc.</strong></span> <span class='ocrx_word' id='word_1_357' title='bbox 1655 1977 1704 2013; x_wconf 89' lang='lat'><strong>71,</strong></span> <span class='ocrx_word' id='word_1_358' title='bbox 1722 1986 1754 2006; x_wconf 78' lang='lat' dir='ltr'><strong>n.</strong></span> <span class='ocrx_word' id='word_1_359' title='bbox 1774 1977 1788 2006; x_wconf 90' lang='lat'><strong>1</strong></span> <span class='ocrx_word' id='word_1_360' title='bbox 1805 1986 1839 2014; x_wconf 62' lang='grc' dir='ltr'><strong>ες</strong></span> <span class='ocrx_word' id='word_1_361' title='bbox 1854 1985 1946 2017; x_wconf 76' lang='lat' dir='ltr'><strong>per-9.</strong></span> <span class='ocrx_word' id='word_1_362' title='bbox 1963 1975 2113 2016; x_wconf 77' lang='lat' dir='ltr'><strong>lonqum.)</strong></span> 
     </span>
    </p>
   </div>
   <div class='ocr_carea' id='block_1_12' title="bbox 1374 2353 1491 2405">
    <p class='ocr_par' dir='ltr' id='par_1_18' title="bbox 1374 2353 1491 2405">
     <span class='ocr_line' id='line_1_42' title="bbox 1374 2353 1491 2405; baseline 0 0"><span class='ocrx_word' id='word_1_363' title='bbox 1374 2353 1491 2405; x_wconf 87' lang='lat' dir='ltr'><strong>IV</strong></span> 
     </span>
    </p>
   </div>
   <div class='ocr_carea' id='block_1_13' title="bbox 780 2463 2094 2576">
    <p class='ocr_par' dir='ltr' id='par_1_19' title="bbox 780 2463 2094 2576">
     <span class='ocr_line' id='line_1_43' title="bbox 780 2463 2094 2509; baseline 0.002 -11"><span class='ocrx_word' id='word_1_364' title='bbox 780 2466 1013 2498; x_wconf 82' lang='lat' dir='ltr'><strong>Instrumenta</strong></span> <span class='ocrx_word' id='word_1_365' title='bbox 1034 2463 1179 2498; x_wconf 73' lang='lat' dir='ltr'><strong>archivii</strong></span> <span class='ocrx_word' id='word_1_366' title='bbox 1203 2463 1319 2498; x_wconf 83' lang='lat' dir='ltr'><strong>Castri</strong></span> <span class='ocrx_word' id='word_1_367' title='bbox 1340 2463 1462 2498; x_wconf 82' lang='lat' dir='ltr'><strong>Sancti</strong></span> <span class='ocrx_word' id='word_1_368' title='bbox 1483 2463 1609 2509; x_wconf 78' lang='lat' dir='ltr'><strong>Anqeli</strong></span> <span class='ocrx_word' id='word_1_369' title='bbox 1631 2475 1803 2498; x_wconf 80' lang='lat' dir='ltr'><strong>annorum</strong></span> <span class='ocrx_word' id='word_1_370' title='bbox 1828 2463 1922 2501; x_wconf 68' lang='lat'><strong>1324</strong></span> <span class='ocrx_word' id='word_1_371' title='bbox 1943 2471 1975 2498; x_wconf 83' lang='lat' dir='ltr'><strong>et</strong></span> <span class='ocrx_word' id='word_1_372' title='bbox 2002 2463 2094 2500; x_wconf 73' lang='lat'><strong>1325</strong></span> 
     </span>
     <span class='ocr_line' id='line_1_44' title="bbox 1016 2530 1839 2576; baseline 0.002 -13"><span class='ocrx_word' id='word_1_373' title='bbox 1016 2536 1125 2576; x_wconf 81' lang='lat' dir='ltr'><strong>prout</strong></span> <span class='ocrx_word' id='word_1_374' title='bbox 1145 2530 1183 2564; x_wconf 82' lang='lat' dir='ltr'><strong>in</strong></span> <span class='ocrx_word' id='word_1_375' title='bbox 1206 2530 1398 2564; x_wconf 71' lang='lat' dir='ltr'><strong>inventario</strong></span> <span class='ocrx_word' id='word_1_376' title='bbox 1424 2530 1658 2576; x_wconf 83' lang='lat' dir='ltr'><strong>Garampiano</strong></span> <span class='ocrx_word' id='word_1_377' title='bbox 1676 2531 1800 2576; x_wconf 79' lang='lat' dir='ltr'><strong>jacent</strong></span> <span class='ocrx_word' id='word_1_378' title='bbox 1817 2533 1839 2564; x_wconf 94' lang='lat'><strong>¹.</strong></span> 
     </span>
    </p>
   </div>
   <div class='ocr_carea' id='block_1_14' title="bbox 630 2715 2243 3024">
    <p class='ocr_par' dir='ltr' id='par_1_20' title="bbox 630 2715 2241 2865">
     <span class='ocr_line' id='line_1_45' title="bbox 674 2715 2241 2758; baseline 0.001 -10"><span class='ocrx_word' id='word_1_379' title='bbox 674 2715 814 2748; x_wconf 87' lang='grc'><strong>23391.</strong></span> <span class='ocrx_word' id='word_1_380' title='bbox 831 2734 870 2740; x_wconf 89' lang='grc'><strong>-</strong></span> <span class='ocrx_word' id='word_1_381' title='bbox 887 2717 1026 2749; x_wconf 86' lang='lat' dir='ltr'><strong>Litterae</strong></span> <span class='ocrx_word' id='word_1_382' title='bbox 1044 2716 1166 2747; x_wconf 77' lang='lat' dir='ltr'><strong>Alberti</strong></span> <span class='ocrx_word' id='word_1_383' title='bbox 1182 2717 1246 2757; x_wconf 82' lang='lat' dir='ltr'><strong>ep.i</strong></span> <span class='ocrx_word' id='word_1_384' title='bbox 1272 2715 1434 2747; x_wconf 80' lang='lat' dir='ltr'><strong>Patavien.</strong></span> <span class='ocrx_word' id='word_1_385' title='bbox 1452 2717 1494 2748; x_wconf 87' lang='lat' dir='ltr'><strong>ad</strong></span> <span class='ocrx_word' id='word_1_386' title='bbox 1512 2717 1680 2749; x_wconf 87' lang='lat' dir='ltr'><strong>Joannem</strong></span> <span class='ocrx_word' id='word_1_387' title='bbox 1698 2717 1736 2748; x_wconf 91' lang='lat' dir='ltr'><strong>P.</strong></span> <span class='ocrx_word' id='word_1_388' title='bbox 1755 2718 1794 2749; x_wconf 91' lang='grc' dir='ltr'><strong>Ρ.</strong></span> <span class='ocrx_word' id='word_1_389' title='bbox 1817 2717 1919 2750; x_wconf 91' lang='lat' dir='ltr'><strong>XXII</strong></span> <span class='ocrx_word' id='word_1_390' title='bbox 1941 2717 1983 2749; x_wconf 87' lang='lat' dir='ltr'><strong>de</strong></span> <span class='ocrx_word' id='word_1_391' title='bbox 2006 2717 2241 2758; x_wconf 83' lang='lat' dir='ltr'><strong>publicatione</strong></span> 
     </span>
     <span class='ocr_line' id='line_1_46' title="bbox 630 2769 2240 2812; baseline -0.001 -9"><span class='ocrx_word' id='word_1_392' title='bbox 630 2779 852 2812; x_wconf 87' lang='lat' dir='ltr'><strong>processuum</strong></span> <span class='ocrx_word' id='word_1_393' title='bbox 866 2771 983 2802; x_wconf 87' lang='lat' dir='ltr'><strong>contra</strong></span> <span class='ocrx_word' id='word_1_394' title='bbox 998 2770 1209 2802; x_wconf 86' lang='lat' dir='ltr'><strong>Ludovicum</strong></span> <span class='ocrx_word' id='word_1_395' title='bbox 1224 2770 1395 2801; x_wconf 86' lang='lat' dir='ltr'><strong>Bavarum</strong></span> <span class='ocrx_word' id='word_1_396' title='bbox 1410 2769 1552 2810; x_wconf 86' lang='lat' dir='ltr'><strong>ejusque</strong></span> <span class='ocrx_word' id='word_1_397' title='bbox 1571 2769 1840 2803; x_wconf 83' lang='lat' dir='ltr'><strong>ambasciatores</strong></span> <span class='ocrx_word' id='word_1_398' title='bbox 1852 2770 1969 2803; x_wconf 84' lang='lat' dir='ltr'><strong>habita</strong></span> <span class='ocrx_word' id='word_1_399' title='bbox 1983 2771 2020 2802; x_wconf 92' lang='lat' dir='ltr'><strong>in</strong></span> <span class='ocrx_word' id='word_1_400' title='bbox 2037 2771 2130 2803; x_wconf 87' lang='lat' dir='ltr'><strong>civit.</strong></span> <span class='ocrx_word' id='word_1_401' title='bbox 2148 2773 2180 2804; x_wconf 87' lang='lat' dir='ltr'><strong>et</strong></span> <span class='ocrx_word' id='word_1_402' title='bbox 2193 2771 2240 2803; x_wconf 86' lang='lat' dir='ltr'><strong>di.</strong></span> 
     </span>
     <span class='ocr_line' id='line_1_47' title="bbox 630 2822 1816 2865; baseline 0 -9"><span class='ocrx_word' id='word_1_403' title='bbox 630 2825 804 2856; x_wconf 81' lang='lat' dir='ltr'><strong>Patavien.</strong></span> <span class='ocrx_word' id='word_1_404' title='bbox 820 2824 980 2865; x_wconf 85' lang='lat' dir='ltr'><strong>(Armario</strong></span> <span class='ocrx_word' id='word_1_405' title='bbox 998 2822 1035 2861; x_wconf 85' lang='lat' dir='ltr'><strong>C,</strong></span> <span class='ocrx_word' id='word_1_406' title='bbox 1046 2823 1124 2863; x_wconf 79' lang='lat' dir='ltr'><strong>fase.</strong></span> <span class='ocrx_word' id='word_1_407' title='bbox 1142 2825 1193 2861; x_wconf 88' lang='grc'><strong>61,</strong></span> <span class='ocrx_word' id='word_1_408' title='bbox 1210 2834 1243 2853; x_wconf 84' lang='lat' dir='ltr'><strong>n.</strong></span> <span class='ocrx_word' id='word_1_409' title='bbox 1256 2826 1287 2860; x_wconf 71' lang='lat'><strong>4,</strong></span> <span class='ocrx_word' id='word_1_410' title='bbox 1303 2822 1454 2854; x_wconf 79' lang='lat' dir='ltr'><strong>divisione</strong></span> <span class='ocrx_word' id='word_1_411' title='bbox 1468 2823 1518 2854; x_wconf 83' lang='lat' dir='ltr'><strong>Il·</strong></span> <span class='ocrx_word' id='word_1_412' title='bbox 1528 2833 1537 2860; x_wconf 73' lang='lat'><em>3</em></span> <span class='ocrx_word' id='word_1_413' title='bbox 1551 2833 1642 2864; x_wconf 76' lang='lat' dir='ltr'><strong>perq.</strong></span> <span class='ocrx_word' id='word_1_414' title='bbox 1655 2825 1816 2865; x_wconf 81' lang='lat' dir='ltr'><strong>parvum.)</strong></span> 
     </span>
    </p>

    <p class='ocr_par' dir='ltr' id='par_1_21' title="bbox 630 2875 2243 3024">
     <span class='ocr_line' id='line_1_48' title="bbox 676 2875 2242 2919; baseline 0.002 -12"><span class='ocrx_word' id='word_1_415' title='bbox 676 2875 814 2908; x_wconf 87' lang='grc'><strong>23392.</strong></span> <span class='ocrx_word' id='word_1_416' title='bbox 831 2895 871 2901; x_wconf 87' lang='grc'>-</span> <span class='ocrx_word' id='word_1_417' title='bbox 884 2878 904 2909; x_wconf 88' lang='lat' dir='ltr'><strong>J</strong></span> <span class='ocrx_word' id='word_1_418' title='bbox 907 2886 1034 2909; x_wconf 86' lang='lat' dir='ltr'><strong>oannes</strong></span> <span class='ocrx_word' id='word_1_419' title='bbox 1052 2878 1145 2917; x_wconf 88' lang='lat' dir='ltr'><strong>Papa</strong></span> <span class='ocrx_word' id='word_1_420' title='bbox 1161 2877 1264 2909; x_wconf 91' lang='lat' dir='ltr'><strong>XXII</strong></span> <span class='ocrx_word' id='word_1_421' title='bbox 1279 2877 1438 2918; x_wconf 61' lang='lat' dir='ltr'><strong>archieps&gt;</strong></span> <span class='ocrx_word' id='word_1_422' title='bbox 1450 2877 1592 2908; x_wconf 84' lang='lat' dir='ltr'><strong>Bremen.</strong></span> <span class='ocrx_word' id='word_1_423' title='bbox 1612 2878 1738 2919; x_wconf 76' lang='lat' dir='ltr'><strong>ejusque</strong></span> <span class='ocrx_word' id='word_1_424' title='bbox 1749 2878 1960 2918; x_wconf 73' lang='lat' dir='ltr'><strong>suffraqaneis</strong></span> <span class='ocrx_word' id='word_1_425' title='bbox 1975 2877 2114 2909; x_wconf 84' lang='lat' dir='ltr'><strong>mandat</strong></span> <span class='ocrx_word' id='word_1_426' title='bbox 2129 2879 2166 2909; x_wconf 88' lang='lat' dir='ltr'><strong>ut</strong></span> <span class='ocrx_word' id='word_1_427' title='bbox 2180 2887 2242 2919; x_wconf 93' lang='lat' dir='ltr'><strong>pu-</strong></span> 
     </span>
     <span class='ocr_line' id='line_1_49' title="bbox 630 2930 2243 2973; baseline 0 -10"><span class='ocrx_word' id='word_1_428' title='bbox 630 2931 757 2963; x_wconf 86' lang='lat' dir='ltr'><strong>blicent</strong></span> <span class='ocrx_word' id='word_1_429' title='bbox 782 2939 964 2971; x_wconf 85' lang='lat' dir='ltr'><strong>processus</strong></span> <span class='ocrx_word' id='word_1_430' title='bbox 990 2932 1106 2962; x_wconf 89' lang='lat' dir='ltr'><strong>contra</strong></span> <span class='ocrx_word' id='word_1_431' title='bbox 1128 2930 1341 2962; x_wconf 88' lang='lat' dir='ltr'><strong>Ludovicum</strong></span> <span class='ocrx_word' id='word_1_432' title='bbox 1358 2930 1541 2962; x_wconf 86' lang='lat' dir='ltr'><strong>Bavarum.</strong></span> <span class='ocrx_word' id='word_1_433' title='bbox 1562 2931 1723 2971; x_wconf 78' lang='lat' dir='ltr'><strong>(Armario</strong></span> <span class='ocrx_word' id='word_1_434' title='bbox 1747 2930 1783 2969; x_wconf 91' lang='lat' dir='ltr'><strong>C,</strong></span> <span class='ocrx_word' id='word_1_435' title='bbox 1806 2931 1886 2971; x_wconf 80' lang='lat' dir='ltr'><strong>fasc.</strong></span> <span class='ocrx_word' id='word_1_436' title='bbox 1903 2932 1955 2968; x_wconf 88' lang='lat'><strong>61,</strong></span> <span class='ocrx_word' id='word_1_437' title='bbox 1975 2941 2007 2961; x_wconf 80' lang='lat' dir='ltr'><strong>n.</strong></span> <span class='ocrx_word' id='word_1_438' title='bbox 2021 2933 2058 2969; x_wconf 93' lang='lat'><strong>6;</strong></span> <span class='ocrx_word' id='word_1_439' title='bbox 2074 2941 2162 2973; x_wconf 77' lang='lat' dir='ltr'><strong>perq.</strong></span> <span class='ocrx_word' id='word_1_440' title='bbox 2173 2940 2182 2968; x_wconf 87' lang='lat'>;</span> <span class='ocrx_word' id='word_1_441' title='bbox 2205 2931 2243 2963; x_wconf 85' lang='lat' dir='ltr'><strong>de</strong></span> 
     </span>
     <span class='ocr_line' id='line_1_50' title="bbox 632 2984 745 3024; baseline -0.018 -8"><span class='ocrx_word' id='word_1_442' title='bbox 632 2984 745 3024; x_wconf 83' lang='lat' dir='ltr'><strong>curia.)</strong></span> 
     </span>
    </p>
   </div>
   <div class='ocr_carea' id='block_1_15' title="bbox 666 3091 1748 3124">
    <p class='ocr_par' dir='ltr' id='par_1_22' title="bbox 666 3091 1748 3124">
     <span class='ocr_line' id='line_1_51' title="bbox 666 3091 1748 3124; baseline -0.001 -6"><span class='ocrx_word' id='word_1_443' title='bbox 666 3093 688 3118; x_wconf 87' lang='lat'><strong>1.</strong></span> <span class='ocrx_word' id='word_1_444' title='bbox 708 3091 917 3118; x_wconf 81' lang='lat' dir='ltr'><strong>Tantummodo</strong></span> <span class='ocrx_word' id='word_1_445' title='bbox 931 3091 1076 3124; x_wconf 80' lang='lat' dir='ltr'><strong>reperitur</strong></span> <span class='ocrx_word' id='word_1_446' title='bbox 1093 3092 1320 3117; x_wconf 85' lang='lat' dir='ltr'><strong>instrumentum</strong></span> <span class='ocrx_word' id='word_1_447' title='bbox 1337 3091 1386 3118; x_wconf 73' lang='lat' dir='ltr'><strong>cui</strong></span> <span class='ocrx_word' id='word_1_448' title='bbox 1402 3091 1581 3124; x_wconf 81' lang='lat' dir='ltr'><strong>praeponitur</strong></span> <span class='ocrx_word' id='word_1_449' title='bbox 1596 3091 1697 3117; x_wconf 81' lang='lat' dir='ltr'><strong>littera</strong></span> <span class='ocrx_word' id='word_1_450' title='bbox 1714 3091 1748 3117; x_wconf 89' lang='lat' dir='ltr'><strong>V.</strong></span> 
     </span>
    </p>
   </div>
   <div class='ocr_carea' id='block_1_16' title="bbox 346 3137 2095 3166">
    <p class='ocr_par' dir='ltr' id='par_1_23' title="bbox 346 3137 2095 3166">
     <span class='ocr_line' id='line_1_52' title="bbox 346 3137 2095 3166; baseline -0.007 0"><span class='ocrx_word' id='word_1_451' title='bbox 346 3138 493 3166; x_wconf 78' lang='lat' dir='ltr'><strong>JOANle</strong></span> <span class='ocrx_word' id='word_1_452' title='bbox 512 3138 596 3165; x_wconf 85' lang='lat' dir='ltr'><strong>xxu.</strong></span> <span class='ocrx_word' id='word_1_453' title='bbox 619 3154 652 3160; x_wconf 88' lang='lat'><em>-</em></span> <span class='ocrx_word' id='word_1_454' title='bbox 666 3137 697 3164; x_wconf 80' lang='lat' dir='ltr'><strong>r.</strong></span> <span class='ocrx_word' id='word_1_455' title='bbox 720 3137 755 3164; x_wconf 90' lang='lat' dir='ltr'><strong>v.</strong></span> <span class='ocrx_word' id='word_1_456' title='bbox 2059 3137 2095 3165; x_wconf 79' lang='lat'><strong>59</strong></span> 
     </span>
    </p>
   </div>
  </div>
 </body>
</html>
