2592 3562
370 338 430 368 374

402 426 504 454 Datum
524 421 709 455 Avenione.

389 634 424 662 n
440 637 471 671 (v
488 634 539 667 id.)
554 635 623 662 maii
637 633 724 662 1325.

462 679 492 706 τ.
511 679 557 713 xi,
578 678 649 706 xm.

513 1007 550 1035 Ut
569 1015 593 1035 s.

456 1052 486 1079 T.
508 1052 554 1085 XI,
571 1052 642 1079 XIII.

513 1220 550 1248 Ut
566 1228 589 1247 s.

459 1264 490 1292 T.
508 1265 554 1299 XI,
574 1264 645 1292 XIII.

510 1435 547 1462 Ut
566 1443 591 1464 S.

461 1479 491 1507 T.
507 1480 552 1514 XI,
568 1480 638 1507 XIII.

507 1755 544 1783 Ut
564 1764 587 1783 s.

453 1800 484 1827 T.
502 1801 547 1834 XI,
568 1801 638 1828 XIII.

511 1969 547 1996 Ut
561 1977 584 1996 s.

460 2013 490 2040 T.
509 2014 553 2048 xi,
567 2014 638 2042 xm.

511 2182 547 2210 Ut
560 2191 582 2210 s.

443 2226 473 2253 T.
493 2227 564 2261 XIV,
581 2228 650 2255 XVI.

506 2449 541 2477 Ut
558 2458 581 2477 s.

451 2493 482 2521 T.
500 2494 545 2527 XI,
561 2494 632 2522 XIII.

506 2609 541 2637 Ut
560 2619 583 2638 s.

455 2653 485 2681 Τ.
503 2654 549 2689 XI,
564 2655 634 2682 XIII.

503 2821 539 2848 Ut
557 2829 580 2849 s.

455 2864 486 2892 T.
502 2866 548 2900 XI,
564 2866 634 2894 XIII.

761 335 934 367 JOANNIS
957 336 1075 368 PAPAE
1096 336 1198 368 XXII.
1221 338 1470 379 (1316-1334).
1492 356 1532 363 —
1553 338 1739 371 LITTERAE
1761 339 1987 373 COMMUNES

765 562 767 578 ἦ
797 528 873 559 ante
889 527 1018 559 obitum
1037 528 1254 569 Bentivegnae
1269 528 1426 570 disposst.
1446 530 1556 570 apost.
1580 538 1640 569 per
1655 529 1694 561 P.
1715 529 1756 561 P.
1772 530 1969 570 specialiter
1985 531 2163 564 reservati.
2190 550 2226 555 —
2248 531 2275 564 Ι.
2298 541 2328 564 e.
2348 541 2395 565 m.

764 584 766 594 ’
796 581 890 612 univ.
906 580 1069 612 fratribus
1087 583 1119 613 et
1134 581 1294 614 vassallis
1307 582 1388 614 dicti
1401 582 1594 623 hospitalis.
1609 582 1664 622 (A.
1680 584 1731 621 23,
1750 583 1774 615 f.
1789 585 1831 616 59
1845 589 1874 620 ⁸5
1896 583 1933 615 V.
1953 585 2004 622 78,
2021 592 2073 625 ep.
2093 584 2198 626 1143.)

840 631 977 664 22311.
993 653 1031 658 -
1046 635 1161 666 Sancio
1180 635 1298 666 Conesa
1309 635 1420 676 gratia
1435 644 1532 676 exsp.
1552 635 1664 668 benef.
1685 644 1714 667 c.
1730 645 1759 668 c.
1775 636 1830 668 vel
1845 645 1875 668 s.
1891 645 1934 675 c.,
1952 637 2088 669 etiamsi
2109 639 2324 678 personatus,
2336 640 2397 671 aut

765 702 767 709 ·
796 687 988 719 administr.
1005 688 1058 719 vel
1075 688 1276 729 plebanatus
1295 689 1420 721 existat
1443 689 1477 720 in
1495 688 1599 723 civit..
1617 689 1664 721 di.
1688 689 1742 721 vel
1759 690 1934 730 provincia
1949 691 2257 732 caesaraugustan..
2273 692 2316 724 ad
2330 692 2399 724 col-

796 741 854 772 lat.
873 741 1034 782 archiep.i
1048 742 1170 782 pertin.
1178 753 1188 780 ;
1211 751 1278 773 non
1300 741 1388 774 obst.
1407 742 1542 782 paroch.
1570 742 1651 774 eccl.
1675 743 1716 774 dc
1738 743 1845 775 Galve
1871 744 1988 785 (quam
2004 743 2176 777 dimittere
2193 745 2340 784 tenetur)
2365 747 2399 778 et

795 795 984 835 capellania
998 804 1036 826 ac
1052 795 1266 835 portionibus
1282 796 1323 828 de
1337 795 1533 837 Sarenyena
1546 796 1580 827 in
1597 796 1741 828 ecclesia
1753 798 1786 828 et
1799 796 2004 837 quibusdam
2020 796 2164 829 decimis
2180 798 2270 839 apud
2283 798 2398 831 locum

796 849 836 880 de
853 849 1054 886 Lasconosa,
1069 849 1136 888 ipsi
1154 848 1189 879 in
1202 848 1313 880 benef.
1331 848 1722 890 personale-assignatis,
1740 849 1837 881 dictae
1851 850 2145 891 Caesaraugustam
2163 852 2196 883 et
2209 851 2330 884 oscen.
2347 851 2396 884 di.

795 921 831 925 —
850 902 876 933 Ι.
895 911 924 933 e.
943 911 988 932 m.
1006 911 1082 942 ep.o
1098 901 1255 939 Ilerden.‚
1275 903 1307 934 et
1325 901 1401 934 abb.
1429 903 1575 934 monast.
1600 902 1927 944 Montisaragonum‚
1955 903 2076 936 Oscen.
2101 903 2162 942 di.,
2181 913 2219 936 ac
2237 905 2340 937 Petro
2356 904 2398 937 de

795 955 950 993 Abbatia,
966 964 1038 987 can.
1055 955 1227 986 Valentin.
1245 955 1326 987 eccl.
1344 955 1399 996 (A.
1419 957 1472 995 22,
1492 955 1513 986 f.
1532 957 1592 988 561
1609 961 1638 993 ·;
1664 955 1694 986 V.
1713 958 1762 995 79,
1779 965 1831 996 ep.
1851 956 1956 996 1200.)

838 1005 974 1038 22315.
995 1026 1033 1032 -
1048 1009 1141 1039 Petro
1163 1009 1287 1049 Boqerii
1305 1009 1418 1040 collat.
1434 1017 1553 1040 canon.
1579 1009 1643 1040 sub
1660 1018 1756 1050 exsp.
1776 1009 1879 1050 praeb.
1902 1010 1982 1042 eccl.
2004 1019 2032 1042 s.
2049 1010 2270 1051 Radegundis
2286 1011 2395 1044 Picta·

794 1071 887 1099 ven.;
905 1071 970 1093 non
987 1061 1073 1094 obst.
1089 1061 1224 1102 paroch.
1241 1062 1322 1094 eccl.
1340 1062 1381 1094 de
1396 1062 1513 1102 Segos,
1535 1062 1714 1094 Caturcen.
1729 1063 1774 1094 di.
1794 1081 1833 1086 —
1849 1063 1874 1095 Ι.
1893 1072 1922 1095 e.
1949 1072 1994 1095 m.
2020 1063 2234 1096 Montisolivi
2253 1067 2286 1096 et
2310 1063 2396 1098 Oba-

793 1115 888 1152 sinae,
911 1117 1153 1147 carcassonen.
1174 1117 1206 1147 et
1221 1115 1436 1148 Lemovicen.
1458 1115 1519 1154 di.,
1536 1116 1680 1148 monast.
1701 1115 1791 1154 abb„
1810 1125 1848 1149 ac
1867 1116 2039 1149 Bernardo
2056 1117 2090 1149 la
2109 1117 2305 1156 Quintania,
2322 1125 2396 1150 can.

793 1169 966 1201 Pictaven.
990 1169 1070 1200 eccl.
1088 1169 1141 1206 (A.
1157 1170 1208 1207 23,
1226 1169 1249 1200 f.
1271 1170 1311 1201 98
1327 1168 1357 1205 ὓς
1379 1168 1413 1201 V.
1430 1171 1480 1209 79,
1500 1178 1552 1210 ep.
1570 1169 1675 1211 1286.)

775 1246 778 1250 .
837 1219 976 1253 22316.
994 1240 1032 1245 -
1047 1221 1189 1254 Arnaldo
1206 1222 1315 1253 Sancii
1332 1221 1368 1253 de
1387 1222 1502 1253 Locato
1523 1222 1636 1254 collat.
1657 1231 1776 1255 canon.
1793 1222 1856 1255 sub
1878 1232 1974 1264 exsp.
1993 1223 2096 1264 praeb.
2114 1223 2195 1256 eccl.
2214 1233 2244 1256 s.
2267 1224 2398 1266 Gange-

793 1276 855 1308 rici
876 1276 1104 1312 Cameracen„
1134 1276 1263 1307 consid.
1286 1275 1464 1307 Guillelmi
1487 1276 1555 1316 ep.i
1579 1275 1753 1312 Sabinen.‚
1775 1277 1872 1317 quus
1893 1285 1966 1317 cap.
1990 1278 2023 1309 et
2047 1277 2156 1309 famil.
2176 1277 2294 1309 existit
2300 1287 2311 1315 ;
2329 1285 2397 1310 non

794 1329 880 1361 obst.
907 1329 1042 1369 paroch.
1059 1329 1139 1360 eccl.
1157 1329 1198 1360 de
1219 1329 1388 1369 Verdey0‚
1411 1329 1552 1360 Trecen.
1572 1329 1618 1361 di.
1642 1346 1681 1352 --
1697 1330 1724 1361 I.
1742 1338 1771 1361 e.
1799 1339 1844 1361 m.
1871 1330 2087 1363 cameracen.
2111 1332 2144 1363 et
2161 1331 2396 1372 Engolismen.

794 1382 942 1420 decanis,
960 1391 997 1413 ac
1010 1382 1140 1413 cantori
1155 1382 1294 1413 Trecen.
1310 1382 1390 1413 eccl.
1407 1382 1461 1423 (A.
1478 1383 1530 1422 23,
1545 1381 1567 1413 f.
1584 1384 1644 1414 102
1658 1388 1689 1420 ⁸;
1712 1382 1745 1413 V.
1763 1385 1814 1421 79,
1831 1392 1884 1423 cp.
1904 1383 2010 1423 1322.)

837 1432 975 1465 22317.
1001 1454 1038 1459 -
1061 1434 1213 1466 Ademaro
1230 1435 1356 1476 Boqerii
1371 1435 1480 1475 gratia
1495 1444 1592 1475 exsp.
1611 1435 1722 1467 benef.
1748 1445 1776 1467 c.
1796 1444 1824 1468 c.
1844 1437 1898 1468 vel
1919 1445 1947 1468 s,
1966 1445 2009 1474 c.,
2033 1437 2170 1469 etiamsi
2186 1437 2396 1478 archipresb.

794 1490 851 1520 aut
869 1489 922 1520 off.
939 1488 1075 1525 existat,
1094 1488 1129 1519 in
1154 1488 1246 1520 civit.
1263 1488 1317 1520 vel
1335 1489 1381 1519 di.
1405 1488 1596 1526 Caturcen.,
1620 1489 1743 1529 pertin.
1772 1489 1814 1520 ad
1841 1489 1954 1521 collat.
1978 1490 2062 1529 ep.i;
2087 1499 2165 1522 cum
2187 1490 2395 1531 obligatione

794 1542 983 1573 dimittendi
1001 1541 1135 1581 paroch.
1149 1541 1229 1572 eccl.
1249 1550 1275 1573 s.
1295 1541 1448 1573 Mauritii
1465 1542 1655 1580 Caturcen.,
1672 1551 1749 1573 cum
1760 1542 1907 1583 quadam
1924 1543 2054 1583 capella
2071 1542 2139 1575 sibi
2155 1552 2301 1583 annexa,
2316 1546 2395 1585 post

793 1595 1040 1626 assecutionem
1056 1594 1167 1626 benef.
1185 1604 1213 1626 c.
1229 1604 1271 1632 c.,
1287 1594 1341 1626 vel
1355 1594 1563 1635 archipresb.
1580 1604 1640 1627 seu
1659 1595 1715 1627 off.
1733 1604 1760 1627 c.
1779 1604 1820 1633 c.,
1837 1595 1896 1636 qui
1913 1596 1967 1628 vel
1990 1596 2080 1637 quod
2095 1596 2189 1638 dign.
2206 1598 2264 1628 aut
2280 1605 2399 1638 perso-

793 1650 892 1680 natus
906 1649 1042 1680 existat.
1061 1666 1098 1671 --
1114 1648 1142 1680 1.
1167 1657 1195 1679 e.
1215 1657 1260 1679 m.
1283 1648 1495 1680 Montisolivi
1517 1647 1550 1680 et
1572 1648 1764 1686 Obbasinae‚
1790 1650 2032 1682 carcassonen.
2050 1651 2082 1682 et
2097 1650 2312 1682 Lemovicen.
2333 1650 2398 1690 di.,

760 1694 762 1737 ’ς
793 1703 936 1733 monast.
949 1701 1038 1737 abb,
1049 1711 1086 1732 nc
1102 1701 1263 1733 Gallardo
1278 1701 1420 1739 Juliani‚
1441 1710 1512 1733 can.
1531 1702 1707 1734 Caturcen.
1722 1702 1804 1734 eccl.
1818 1702 1870 1742 (A.
1886 1704 1936 1740 23,
1948 1703 1972 1734 f.
1989 1702 2086 1740 104¹³;
2106 1702 2140 1734 V.
2155 1705 2207 1742 79,
2221 1712 2274 1744 ep.
2290 1703 2396 1745 1317.)

837 1752 976 1785 22318.
996 1774 1032 1778 -
1052 1754 1229 1792 Francisco,
1247 1759 1318 1785 nato
1338 1755 1540 1796 Bonajunctoe
1561 1754 1668 1786 Scarsi
1690 1756 1763 1786 civis
1785 1755 1906 1794 Pisani,
1929 1756 2042 1788 collat.
2067 1765 2186 1788 canon.
2213 1756 2278 1788 sub
2295 1766 2393 1798 exsp.

792 1808 894 1849 praeb.
915 1809 995 1840 eccl.
1017 1809 1147 1846 Arien„
1171 1808 1337 1840 Morinen.
1355 1809 1402 1840 di.
1421 1826 1460 1831 —
1476 1809 1503 1839 Ι.
1527 1817 1555 1840 e.
1582 1818 1628 1840 m.
1654 1809 1694 1840 de
1714 1817 1741 1840 s.
1768 1809 1963 1841 Andomaro
1989 1811 2022 1841 et
2039 1809 2208 1848 Casti-en„
2226 1810 2394 1843 Morinen.

760 1849 761 1861 ¹
793 1863 851 1900 di.,
865 1863 1014 1900 decanis,
1029 1871 1066 1893 ac
1075 1862 1264 1902 Napoleoni
1275 1862 1315 1893 de
1327 1862 1527 1903 Romangia,
1545 1862 1674 1894 archid.
1690 1863 1832 1894 Remen.
1847 1862 1941 1899 eccl„
1957 1863 2058 1904 Papae
2070 1863 2258 1904 capellano.
2272 1864 2326 1905 (A.
2341 1865 2393 1903 23,

760 1934 762 1954 2
793 1916 815 1947 f.
837 1918 894 1948 114
910 1922 937 1952 ³3
961 1916 994 1946 V.
1010 1918 1059 1953 79,
1080 1925 1133 1956 ep.
1153 1915 1258 1956 1424.)

838 1967 972 1998 22319.
993 1987 1030 1992 -
1045 1969 1210 1999 Francisco
1227 1968 1263 1999 de
1278 1968 1381 2000 Roclza
1398 1977 1494 2009 prov.
1506 1978 1624 2000 canon.
1640 1969 1703 2000 sub
1718 1978 1814 2009 exsp.
1829 1969 1931 2009 praeb.
1952 1970 2032 2001 eccl.
2051 1969 2201 2007 Pisanae3
2221 1979 2288 2002 non
2303 1970 2396 2003 obst.

760 2030 761 2062 3
792 2023 974 2062 plebanatu
989 2023 1100 2062 plebis
1116 2031 1143 2052 s.
1159 2023 1250 2053 Justi
1270 2022 1310 2053 de
1325 2022 1488 2054 Suvereto
1507 2023 1539 2054 et
1554 2022 1635 2054 eccl.
1650 2031 1679 2053 s.
1695 2023 1835 2054 Martini
1851 2023 1958 2063 ejusd.
1977 2023 2042 2055 loci
2057 2023 2098 2055 de
2113 2023 2289 2061 Suvereto,
2307 2032 2335 2056 s.
2349 2032 2392 2060 c.,

759 2103 761 2111 ,,
791 2077 938 2108 Massan.
964 2077 1008 2107 di.
1029 2094 1067 2098 —
1083 2076 1110 2108 I.
1131 2085 1160 2107 e.
1180 2085 1225 2107 m.
1245 2075 1319 2107 abb.
1348 2077 1493 2108 monast.
1521 2084 1548 2107 s.
1573 2076 1711 2108 MartIni
1736 2076 1776 2107 de
1795 2076 1980 2114 Mentione,
1999 2076 2116 2108 Pisan.
2143 2077 2204 2115 di.,
2232 2078 2264 2109 et
2284 2077 2395 2118 priori

792 2140 818 2162 s.
838 2130 920 2161 Sisti
940 2130 1070 2167 Pisan.,
1089 2129 1126 2161 ac
1143 2129 1331 2169 Napoleoni
1348 2129 1388 2161 de
1405 2129 1596 2170 Romangia
1615 2130 1786 2170 praedicto.
1805 2130 1858 2170 (A.
1873 2131 1924 2168 23,
1942 2130 1964 2161 f.
1982 2131 2022 2162 85
2035 2129 2067 2168 ¹’;
2090 2130 2127 2162 V.
2143 2132 2195 2169 79,
2214 2139 2268 2171 ep.
2287 2131 2391 2170 1127.)

836 2181 971 2213 22320.
995 2200 1032 2205 —
1049 2184 1167 2215 ‚Ioanni
1183 2188 1258 2213 nato
1275 2182 1389 2230 quoad.
1405 2183 1514 2223 Seqnae
1529 2183 1566 2213 de
1578 2183 1670 2220 Pisis,
1693 2182 1840 2223 plebano
1855 2183 1967 2223 plebis
1983 2192 2012 2214 s.
2031 2184 2207 2215 Laurentii
2224 2184 2259 2215 in
2275 2184 2395 2223 CurIa,

792 2237 906 2268 Pisan.
918 2237 977 2274 di.,
990 2246 1080 2268 conc.
1092 2239 1128 2268 ut
1140 2237 1293 2268 eamdem
1306 2236 1441 2276 plebem
1450 2237 1598 2268 retinere
1606 2237 1728 2275 valeat,
1739 2236 1819 2268 licet
1828 2236 1863 2268 in
1874 2236 2001 2269 litteris
2011 2237 2205 2269 collationis
2215 2237 2290 2277 ejus
2301 2246 2393 2270 men-

758 2311 759 2338 3
788 2291 836 2322 tio
855 2290 967 2321 habita
980 2299 1044 2321 non
1063 2290 1127 2321 fuit
1144 2291 1184 2321 de
1199 2289 1335 2330 paroch.
1353 2290 1434 2321 eccl.
1453 2299 1480 2321 s.
1497 2290 1603 2321 Marci
1619 2290 1653 2321 in
1671 2290 1726 2321 via
1741 2290 1925 2321 Calcesana
1937 2290 2066 2327 Pisan.,
2083 2299 2184 2330 quam
2198 2290 2337 2331 quidem
2352 2290 2393 2322 li·

788 2344 868 2375 bere
883 2344 1079 2384 resignavit.
1098 2362 1134 2366 -
1148 2344 1174 2374 Ι.
1192 2353 1221 2375 e.
1239 2352 1283 2375 m.
1302 2343 1378 2374 abb.
1395 2344 1541 2375 monast.
1560 2352 1587 2374 s.
1604 2343 1722 2376 Savini
1738 2343 1778 2374 de
1793 2343 1977 2379 Montione,
1990 2344 2024 2375 et
2039 2352 2144 2384 praep.
2161 2344 2240 2375 eccl.
2253 2352 2282 2375 s.
2298 2343 2392 2376 Petri

789 2398 830 2429 ad
847 2397 994 2449 Gradus,
1011 2406 1048 2428 ac
1065 2397 1208 2437 plebano
1221 2397 1332 2437 plebis
1350 2406 1378 2428 s.
1395 2396 1562 2436 Cassiani,
1581 2396 1696 2428 Pisan.
1716 2397 1763 2428 di.
1778 2396 1830 2436 (A.
1847 2397 1897 2435 23,
1917 2397 1940 2428 f.
1962 2398 2020 2429 194
2033 2402 2065 2434 ·;
2090 2396 2126 2428 V.
2146 2398 2196 2434 79,
2214 2405 2267 2437 ep.
2286 2398 2397 2437 1429.)

833 2447 967 2479 22321.
987 2468 1024 2473 —-
1041 2450 1217 2488 Francisco,
1234 2455 1307 2480 nato
1325 2449 1474 2491 Raynerii
1491 2449 1677 2487 Dammiam‘,
1697 2450 1777 2481 cler.
1796 2450 1927 2488 Pisan.,
1944 2450 2055 2490 gratia
2071 2458 2166 2490 exsp.
2186 2449 2297 2482 benef.
2316 2459 2344 2481 s.
2361 2459 2389 2482 c.

789 2504 841 2544 (50
856 2504 929 2535 flor.
946 2504 1032 2544 auri)
1049 2504 1084 2535 in
1102 2504 1194 2535 civit.
1211 2504 1263 2535 vel
1280 2504 1324 2535 di.
1342 2505 1464 2534 Lucan.
1482 2521 1519 2526 —
1535 2504 1562 2534 Ι.
1581 2512 1610 2535 e.
1627 2512 1672 2534 m.
1692 2504 1729 2534 ut
1750 2512 1791 2541 s.,
1810 2512 1842 2534 n.
1860 2504 1971 2535 22319.
1990 2504 2042 2543 (A.
2058 2504 2110 2540 23,
2132 2503 2154 2534 f.
2173 2505 2213 2535 86
2233 2503 2261 2541 '³3
2286 2503 2323 2535 V.
2339 2506 2395 2541 79,

757 2568 759 2597 4,
788 2566 840 2598 ep.
861 2559 966 2598 1434.)

832 2608 971 2641 22322.
990 2629 1027 2634 —-
1042 2611 1157 2643 ιΙοαηηί
1173 2615 1246 2641 nato
1263 2610 1412 2642 Gnidonis
1427 2610 1567 2648 Maschae,
1586 2610 1666 2641 cler.
1682 2595 1826 2646 Pisano,
1839 2610 1949 2650 gratia
1963 2618 2060 2650 exsp.
2078 2609 2188 2641 benef.
2213 2610 2341 2642 similis
2353 2610 2390 2642 in

758 2666 759 2712 J
788 2665 879 2696 civit.
898 2665 951 2696 vel
972 2665 1016 2695 di.
1038 2665 1187 2696 Massan.
1203 2681 1241 2686 —
1262 2664 1287 2694 Ι.
1308 2673 1338 2695 e.
1355 2673 1400 2694 m.
1421 2663 1496 2694 abb.
1522 2664 1667 2695 monast.
1685 2672 1712 2694 s.
1731 2662 1847 2694 Savini
1871 2663 1912 2694 dc
1937 2663 2123 2701 Montione,
2142 2663 2258 2694 Pisan.
2277 2663 2338 2702 di.,
2357 2664 2391 2696 et

787 2717 977 2758 Napoleoni
995 2718 1036 2749 de
1052 2717 1253 2758 Romang1a,
1270 2717 1396 2748 archid.
1413 2717 1569 2753 Romen,
1593 2717 1693 2756 Papae
1718 2725 1804 2756 cap,
1831 2724 1868 2747 ac
1893 2715 2053 2756 Philippo
2071 2716 2182 2753 Gallo,
2207 2725 2280 2748 can.
2305 2716 2394 2750 eccl..

787 2771 930 2803 Pisanae.
948 2770 1002 2811 (A.
1022 2773 1072 2808 23,
1093 2771 1117 2802 f.
1133 2772 1172 2803 86
1187 2770 1218 2808 ¹³;
1241 2770 1277 2802 V.
1295 2772 1346 2808 79,
1364 2779 1416 2810 ep.
1438 2771 1544 2809 1435.)

833 2821 969 2853 22323.
988 2842 1026 2847 -
1043 2824 1217 2855 Raimundo
1234 2823 1271 2855 de
1290 2822 1434 2854 Boaeados
1456 2823 1674 2854 reservantur
1699 2830 1816 2853 canon.
1844 2823 1878 2853 et
1898 2821 2003 2862 praeb.
2027 2822 2108 2854 eccl.
2126 2822 2310 2861 Valentin.,
2329 2831 2390 2863 per

788 2880 971 2910 consecrat.
987 2877 1080 2909 Petri
1096 2877 1194 2909 electi
1206 2877 1399 2908 Gerunden.
1419 2876 1454 2907 in
1475 2875 1570 2907 brevi
1588 2876 1758 2913 vacatura,
1777 2875 1904 2907 consid.
1923 2874 2042 2907 Jacobi
2058 2875 2150 2916 regis
2171 2876 2367 2916 Aragonum
2377 2884 2388 2912 3

787 2940 853 2963 non
868 2931 953 2963 obst.
969 2931 1148 2962 archidiac.
1170 2930 1210 2961 de
1227 2930 1371 2962 Solsona
1388 2939 1415 2961 c.
1434 2938 1476 2964 c.,
1495 2930 1527 2960 et
1540 2937 1658 2960 canon.
1672 2937 1709 2959 ac
1720 2928 1824 2968 praeb.
1843 2929 1952 2960 eidem
1965 2929 2110 2960 annexis
2124 2929 2160 2960 in
2171 2929 2252 2960 eccl.
2271 2928 2391 2970 Urgel-

786 2984 853 3016 len.
871 3002 909 3006 —
925 2985 951 3015 1.
972 2993 1001 3016 e.
1018 2993 1063 3015 1n.
1080 2992 1182 3023 praep.
1199 2983 1437 3020 Ten-aconem,
1455 2983 1488 3014 et
1512 2981 1612 3013 Petro
1630 2982 1670 3013 de
1694 2981 1846 3020 Albatia,
1865 2981 2048 3020 Valentin.,
2066 2991 2104 3014 ac
2121 2982 2305 3014 Francisco
2321 2982 2393 3014 Ge-

786 3037 885 3074 raldi,
903 3037 1019 3070 Vicen.
1040 3046 1112 3069 can.
1131 3036 1210 3068 eccl.
1225 3036 1279 3076 (A.
1295 3037 1346 3072 23,
1361 3035 1384 3067 f.
1400 3037 1458 3068 197
1474 3040 1504 3074 ¹;
1527 3035 1563 3066 V.
1582 3037 1633 3072 79,
1651 3044 1703 3075 ep.
1724 3036 1830 3074 1438.)
