2592 3562
363 330 404 360 58

387 419 490 447 Datum
524 416 707 449 Avenione.

375 789 394 817 8
410 792 453 825 (vr
471 789 523 823 id.)
536 789 603 824 jan.
624 790 715 819 1324.

454 834 485 861 Τ.
503 834 548 868 XI,
565 835 637 862 XIII.

388 1002 406 1029 9
419 1006 449 1039 (v
463 1003 589 1037 id.)jan.
609 1003 696 1031 1324.

447 1048 477 1075 T.
499 1049 545 1084 Χι,
567 1049 638 1076 xlu.

500 1271 537 1299 Ut
557 1280 581 1299 s.

449 1315 480 1343 T.
498 1316 543 1350 xl,
560 1316 631 1343 Xlll.

499 1538 534 1565 Ut
555 1547 578 1565 s.

448 1582 478 1609 T.
496 1582 541 1616 xl,
557 1583 628 1610 xm.

495 1698 531 1726 Ut
552 1707 575 1726 s.

441 1743 471 1770 T.
493 1744 539 1775 XI,
559 1744 620 1771 XIII

429 1952 432 1955 Δ
495 1966 531 1994 Ut
548 1975 570 1993 s.

444 2010 474 2037 T.
491 2011 536 2044 XI,
548 2011 620 2038 XIII.

494 2126 530 2153 Ut
546 2135 569 2153 s.

438 2170 469 2197 T.
488 2171 533 2201 xl.
551 2171 622 2198 XIII.

491 2823 526 2851 Ut
539 2832 563 2851 s.

450 2868 481 2895 T.
498 2868 532 2901 X,
546 2867 605 2895 XII.

490 2983 525 3011 Ut
541 2991 566 3010 s.

765 328 939 360 JOANNIS
963 329 1081 360 PAPAE
1103 329 1204 362 XXII.
1230 330 1481 371 (1316-1834).
1500 349 1538 354 —
1561 329 1748 361 LITTERAE
1771 329 1998 362 COMMUNES

791 522 926 554 Reatin.
942 522 1000 558 di.,
1019 523 1202 554 conserant.
1218 522 1298 554 eccl.
1315 530 1343 553 s.
1358 520 1475 553 Jacobi
1492 520 1526 551 in
1545 519 1638 552 Ortis
1656 521 1697 552 de
1715 519 1806 552 Urbe
1827 529 1856 552 s.
1874 530 1917 557 c.,
1934 521 1976 553 ad
1993 521 2069 553 abb.
2088 524 2122 555 et
2138 531 2235 555 conv.
2251 526 2397 557 monast.

792 584 820 607 s.
837 575 975 616 Georgii
988 576 1029 607 de
1043 576 1132 607 dicta
1148 575 1251 614 Urbe,
1271 576 1309 608 O.
1332 575 1365 607 S.
1385 575 1436 612 B.‚
1453 574 1566 606 collat.
1584 573 1723 613 pertin„
1739 576 1772 605 et
1788 582 1860 605 vac.
1879 583 1940 614 per
1954 573 2086 607 obitum
2099 575 2346 610 Malabranchae
2359 578 2400 611 de

791 629 864 660 ead.
882 628 973 661 Urbe
987 639 994 665 ;
1012 638 1078 660 non
1090 629 1177 660 obst.
1192 628 1327 669 paroch.
1345 628 1426 659 eccl.
1444 636 1472 659 s.
1487 627 1676 659 Sebastiani
1691 627 1732 658 de
1743 627 1909 667 Nespulo,
1922 628 2082 660 Sabinen.
2097 629 2158 666 di.,
2170 639 2273 671 quam
2286 631 2399 664 dimit-

790 684 861 714 tere
877 684 1023 718 tenetur,
1041 684 1073 714 61
1088 682 1198 713 benef.
1217 691 1244 713 c.
1261 691 1288 713 c.
1309 682 1363 712 vel
1380 690 1408 712 s.
1426 689 1455 712 c.
1469 681 1560 721 quod
1585 682 1739 720 expectat
1762 680 1798 712 in
1814 681 1907 713 civit.
1930 682 1984 713 vel
2007 682 2053 714 di.
2079 683 2261 724 Apruntin.
2277 685 2329 725 (Α.
2346 686 2398 724 21,

791 735 814 766 f.
830 735 934 772 113113
958 735 990 765 V.
1007 737 1057 772 77,
1076 744 1128 775 ep.
1147 737 1250 772 1391.)

836 775 971 818 18791.
995 807 1033 811 -
1052 788 1135 829 May.
1161 787 1293 818 Hem-ico
1315 787 1351 818 de
1378 787 1473 817 Bosco
1491 795 1586 826 prov.
1610 795 1729 819 canon.
1752 787 1833 819 6661.
1852 787 2040 820 Lexovien.
2065 788 2130 821 sub
2151 797 2249 831 exsp.
2270 791 2374 831 praeb.
2387 800 2397 828 ς

789 851 855 873 non
874 842 962 873 obst.
980 842 1160 873 scolastria
1176 842 1209 872 in
1225 841 1360 878 Dolen.‚
1376 842 1409 872 et
1424 841 1459 871 in
1476 840 1548 872 ead.
1569 849 1606 872 ac
1621 840 1822 873 Maelovien.
1839 850 1957 874 canon.
1976 843 2009 874 et
2021 842 2138 882 praeb.,
2156 851 2286 876 necnon
2300 853 2398 885 perp.

789 896 908 936 capell.
928 896 962 926 in
988 896 1026 926 Β.
1052 896 1096 927 M.
1114 895 1322 935 Magdalenae
1339 894 1449 925 Castri
1468 894 1589 925 Dolen.
1606 894 1687 925 eccl.
1706 911 1744 916 -
1758 894 1786 926 I.
1804 903 1834 926 e.
1851 903 1897 927 m.
1915 895 2042 928 decano
2058 898 2092 928 et
2109 897 2247 929 scolast.
2263 897 2399 930 Nanne-

788 951 869 986 ten.,
889 958 926 980 ac
942 949 1092 981 OIIverio
1109 948 1194 979 dela
1208 948 1377 984 Harmoit,
1394 956 1467 978 can.
1482 947 1682 979 Maclovien.
1700 947 1780 979 eccl.
1798 948 1852 989 (A.
1869 950 1921 985 21,
1937 949 1959 980 f.
1977 950 2040 981 402
2054 955 2084 986 ¹¹3
2109 949 2141 981 V.
2157 952 2207 986 77,
2225 959 2278 991 ep.
2293 951 2397 992 1930.)

835 999 958 1032 18792
996 1020 1035 1024 -
1056 1001 1228 1032 Asesmario
1246 1005 1318 1031 nato
1339 1011 1370 1030 n.
1394 1010 1421 1032 v.
1449 1000 1621 1031 Ber-munda·
1642 1000 1678 1031 de
1697 1001 1852 1040 Andusia,
1877 1002 1949 1034 d.ni
1967 1003 2008 1034 de
2031 1003 2169 1042 VuoHa,
2191 1004 2293 1044 Papae
2310 1013 2396 1045 cap„

788 1064 860 1087 can.
886 1055 965 1087 eccl.
990 1055 1177 1091 Vivarien„
1194 1055 1228 1085 in
1248 1063 1314 1094 qua
1337 1055 1450 1085 certus
1468 1063 1541 1085 can.
1568 1063 1732 1086 numerus
1756 1056 1788 1086 et
1811 1055 1915 1095 praeb.
1940 1056 2116 1088 distinctio
2134 1066 2201 1089 non
2218 1057 2396 1096 habentur,

788 1109 924 1140 collatio
944 1117 1061 1140 canon.
1090 1110 1123 1139 et
1147 1107 1250 1148 praeb.
1271 1107 1351 1139 eccl.
1378 1107 1606 1146 Ebredunen„
1629 1117 1702 1139 vac.
1727 1117 1787 1149 per
1815 1111 2001 1141 consecrat.
2029 1111 2210 1143 Bertrandi
2233 1111 2399 1152 archiep.i

788 1162 1002 1194 Ebredunen.
1018 1180 1057 1184 —
1076 1162 1102 1192 Ι.
1119 1171 1148 1192 6.
1169 1171 1213 1192 m.
1232 1170 1308 1200 ep.0
1324 1161 1483 1198 Melden.,
1502 1163 1534 1193 et
1547 1161 1623 1193 abb.
1643 1164 1790 1194 monast.
1808 1163 2036 1202 Boscauduni,
2053 1163 2269 1197 Ebredunen.
2285 1165 2345 1203 di.,
2358 1173 2398 1197 ac

787 1216 914 1247 archid.
931 1216 1050 1247 Elnen.
1070 1215 1122 1256 (A.
1141 1215 1191 1252 20,
1208 1214 1231 1245 f.
1247 1216 1305 1246 231
1326 1214 1356 1253 ¹³3
1380 1214 1416 1246 V.
1436 1217 1486 1250 76,
1504 1223 1557 1255 ep.
1576 1217 1661 1255 361.)

833 1267 965 1298 18793.
983 1288 1022 1292 -
1039 1268 1200 1300 Bernardo
1220 1267 1353 1303 Costelh,
1372 1270 1451 1300 nato
1468 1268 1646 1300 Guillelmi
1665 1268 1816 1307 Costelh,
1832 1279 1906 1301 can.
1924 1259 2072 1311 praebeh.
2091 1271 2174 1303 6661.
2193 1280 2220 1303 6.
2239 1271 2398 1312 Caprasii

785 1324 973 1363 Agennen.,
995 1322 1105 1363 gratia
1124 1331 1220 1362 exsp.
1238 1322 1348 1353 benef.
1368 1331 1395 1353 c.
1413 1331 1440 1353 6.
1458 1322 1513 1354 vel
1530 1330 1558 1353 s.
1577 1331 1605 1354 c.
1623 1323 1696 1362 (100
1711 1322 1735 1355 l.
1750 1324 1801 1362 t.),
1822 1323 1926 1355 etiam
1947 1324 1977 1355 si
1996 1333 2115 1356 canon.
2133 1326 2166 1356 et
2181 1325 2285 1365 praeh.
2307 1325 2395 1358 exis-

784 1378 845 1414 tat,
863 1377 985 1416 pertin.
1004 1376 1046 1407 ad
1062 1376 1219 1415 disposit.
1242 1376 1311 1415 ep.i
1326 1377 1358 1407 et
1375 1376 1476 1416 capit.
1499 1376 1674 1416 Agennen.
1692 1376 1726 1407 in
1744 1377 1836 1408 civit.
1854 1377 1908 1408 vel
1925 1378 1971 1409 di.
1997 1378 2172 1418 Agennen.
2198 1397 2237 1402 —
2256 1379 2284 1410 I.
2302 1387 2332 1412 e.
2347 1387 2395 1411 m.

785 1429 861 1460 abb.
885 1432 1031 1461 monast.
1055 1429 1257 1467 Clairacen.‚
1286 1430 1461 1469 Agennen.
1482 1429 1542 1467 di.,
1568 1431 1600 1461 et
1625 1430 1812 1462 Guillelmo
1838 1431 1878 1462 de
1907 1431 2140 1470 Rivoforcato,
2163 1432 2333 1471 Toletan„
2357 1442 2396 1465 ac

783 1483 920 1523 Hugoni
935 1483 975 1514 de
995 1483 1220 1523 Deupantala,
1241 1483 1400 1514 Tolosan.
1422 1483 1502 1514 eccl.
1521 1492 1594 1514 can.
1612 1483 1666 1523 (A.
1683 1485 1734 1522 20,
1753 1484 1775 1515 f.
1792 1485 1852 1516 266
1869 1490 1900 1521 η
1923 1484 1957 1516 V.
1977 1487 2027 1521 76,
2040 1494 2093 1525 ep.
2106 1485 2194 1526 131.)

830 1534 966 1566 18794.
986 1553 1023 1558 -
1038 1536 1182 1567 Arnaldo
1206 1536 1241 1567 de
1256 1536 1370 1568 Sancto
1395 1537 1483 1578 Lupo
1501 1545 1596 1577 prov.
1617 1546 1735 1569 canon.
1753 1538 1833 1570 eccl.
1855 1538 2075 1578 Mirapiscen.
2089 1539 2154 1570 sub
2171 1548 2266 1580 exsp.
2287 1539 2392 1581 praeb.

783 1607 821 1612 -
838 1590 864 1621 Ι.
884 1599 912 1622 e.
929 1599 973 1622 m.
995 1590 1101 1629 priori
1118 1591 1155 1621 B.
1180 1590 1225 1621 M.
1252 1591 1431 1622 Deauratae
1445 1590 1620 1628 Tolosam,
1643 1592 1676 1622 et
1691 1600 1795 1632 praep.
1818 1591 1954 1630 Riven.,
1973 1601 2012 1624 ac
2028 1592 2155 1624 archid.
2177 1592 2393 1626 Lomberien.

782 1644 862 1675 eccl.
883 1644 934 1682 (A.
955 1645 1005 1681 20,
1026 1643 1048 1674 f.
1063 1645 1122 1675 270
1140 1649 1170 1680 η
1193 1644 1229 1675 V.
1248 1646 1299 1680 76,
1315 1652 1367 1684 ep.
1387 1645 1472 1684 439.)

828 1695 961 1726 18795.
976 1715 1013 1721 -
1029 1697 1191 1728 Guillelmo
1203 1693 1347 1728 Senlzerii
1357 1697 1394 1729 de
1407 1697 1598 1738 Ahzymcho,
1615 1698 1696 1729 cler.
1709 1699 1954 1730 Carcassonen.
1972 1699 2032 1735 di.,
2045 1700 2156 1740 gratia
2169 1708 2266 1741 exsp.
2279 1699 2393 1734 benef.

782 1760 809 1782 c.
828 1760 855 1782 c.
872 1751 926 1783 vel
949 1760 976 1782 s.
1001 1761 1043 1789 c.,
1065 1752 1119 1792 (80
1139 1751 1163 1783 1.
1183 1752 1233 1791 1.),
1253 1751 1376 1791 pertin.
1401 1751 1444 1782 ad
1465 1751 1578 1783 collat.
1597 1752 1666 1791 ep.i
1685 1753 1717 1784 et
1739 1752 1839 1792 capit.
1866 1761 1895 1784 s.
1924 1753 2039 1785 Pontii
2062 1753 2334 1793 Thomeriarum,
2357 1754 2392 1787 in

781 1805 872 1836 civit.
890 1805 944 1836 vel
961 1805 1007 1837 di.
1026 1814 1053 1836 6.
1073 1805 1187 1836 Pontii
1203 1805 1475 1837 Thomeriarum.
1496 1822 1532 1827 —
1547 1805 1574 1837 Ι.
1591 1814 1621 1837 6.
1638 1814 1683 1837 m.
1702 1806 1833 1837 Fuxen.
1850 1807 1883 1838 et
1896 1806 1936 1838 (16
1953 1807 2196 1848 Quadraginta,
2211 1808 2393 1849 Appamia-

780 1868 856 1890 rum
875 1860 907 1890 et
922 1858 1115 1890 Narbonen.
1141 1859 1200 1897 di.,
1219 1860 1366 1890 monast.
1385 1858 1474 1895 abb„
1499 1868 1536 1890 ac
1561 1859 1708 1899 archipr.
1726 1859 1806 1891 6661.
1831 1859 2073 1892 Carcassonen.
2098 1861 2152 1902 (A.
2169 1862 2220 1900 20,
2243 1861 2267 1893 f.
2285 1863 2346 1895 279
2358 1867 2388 1901 ¹3

786 1912 819 1942 V.
839 1914 888 1949 76,
912 1921 964 1952 ep.
983 1912 1070 1952 459.)
1475 1909 1477 1912 ’

826 1963 962 1995 18796.
980 1985 1018 1989 -
1037 1966 1165 2006 Huqoni
1188 1966 1223 1996 de
1241 1976 1265 1998 s.
1289 1966 1377 2007 Lupo
1394 1975 1490 2006 prov.
1508 1975 1626 1998 canon.
1649 1966 1730 1998 eccl.
1753 1959 1904 1999 Vauren.
1929 1967 1992 1998 sub
2020 1976 2116 2008 exsp.
2143 1968 2259 2008 praeb.‚
2283 1969 2388 2010 dign,

779 2019 831 2050 vel
851 2022 1054 2059 personatus
1072 2029 1132 2051 seu
1149 2020 1204 2051 off.
1222 2029 1250 2051 6.
1276 2029 1303 2051 c.
1324 2020 1378 2051 vel
1401 2028 1429 2050 6.
1453 2028 1501 2056 c.;
1517 2019 1655 2060 paroch.
1681 2021 1793 2052 autem
1810 2021 1891 2052 6661.
1910 2021 1951 2052 (16
1967 2021 2131 2059 Eosvilla,
2152 2022 2312 2054 Tolosan.
2329 2022 2389 2061 di.,

779 2073 938 2104 dimittat.
959 2091 997 2096 —-
1013 2073 1040 2105 Ι.
1059 2083 1088 2104 6.
1105 2083 1148 2104 m.
1165 2075 1202 2104 ut
1220 2082 1263 2110 s.,
1282 2082 1315 2104 n.
1335 2074 1443 2106 18791.
1462 2073 1514 2114 (Α.
1534 2075 1584 2111 20,
1601 2073 1624 2104 f.
1641 2074 1697 2105 281
1715 2077 1742 2110 ⁸3
1765 2073 1801 2105 V.
1821 2076 1872 2111 76,
1892 2083 1946 2114 ep.
1960 2075 2046 2114 464.)

825 2124 958 2155 18797.
983 2145 1018 2150 —
1048 2126 1146 2158 Vicali
1167 2126 1205 2157 de
1229 2127 1395 2163 Prinlzaco,
1421 2127 1534 2167 legum
1555 2127 1697 2165 doctori,
1723 2136 1818 2167 prov.
1847 2136 1965 2160 canon.
1993 2128 2074 2160 eccl.
2101 2128 2296 2161 Narbonen.
2325 2129 2389 2161 sub

778 2188 874 2219 exsp.
890 2180 1006 2219 praeb.‚
1029 2181 1134 2220 dign.,
1155 2180 1208 2211 vel
1227 2182 1432 2220 personatus
1452 2189 1513 2212 seu
1530 2181 1605 2217 off.;
1625 2189 1691 2212 non
1714 2180 1802 2212 obst.
1819 2181 1854 2213 in
1871 2181 1992 2213 Riven.
2008 2183 2041 2213 et
2060 2182 2199 2214 Oveten.
2217 2191 2336 2215 canon.
2355 2184 2389 2216 61

777 2233 893 2273 praeb.‚
914 2243 951 2264 ac
974 2234 1009 2264 in
1023 2234 1096 2265 ead.
1122 2234 1263 2266 Oveten.
1283 2234 1364 2265 eccl.
1385 2233 1592 2274 quibusdam
1610 2235 1874 2274 praestimoniis3
1893 2235 2154 2275 praeposituram
2177 2237 2290 2268 autem
2311 2245 2340 2268 s.
2359 2245 2388 2269 6.

777 2286 885 2326 ejusd.
903 2287 983 2319 6661.
1003 2287 1124 2319 Riven.
1144 2288 1304 2319 dimittat.
1321 2305 1361 2310 —
1384 2288 1410 2319 Ι.
1431 2297 1460 2319 e.
1487 2296 1533 2319 m.
1551 2296 1627 2328 ep.o
1648 2288 1824 2326 Vasaten.‚
1843 2290 1875 2320 61
1894 2296 1998 2328 praep.
2014 2289 2177 2328 Vauren.,
2195 2298 2233 2321 ac
2249 2289 2388 2322 Sicardo

777 2340 817 2370 de
841 2340 967 2377 Vauro,
984 2349 1057 2372 can.
1073 2342 1248 2372 caturcen.
1268 2341 1348 2372 6661.
1372 2340 1423 2379 (Α.
1442 2342 1492 2379 20,
1514 2341 1536 2372 f.
1557 2342 1616 2372 387
1635 2340 1667 2377 b;
1689 2341 1727 2372 V.
1743 2343 1794 2379 76,
1811 2350 1864 2381 ep.
1878 2342 1964 2380 628.)

824 2391 958 2422 18798.
976 2412 1014 2416 -
1030 2393 1117 2434 Ep.o
1131 2404 1156 2424 s.
1174 2394 1277 2424 Pontii
1292 2393 1522 2425 Themeriarum
1535 2394 1765 2426 conceduntur
1778 2403 1845 2426 una
1859 2395 1939 2426 eccl.
1956 2404 1984 2426 6.
2002 2404 2029 2426 c.
2043 2394 2098 2427 vel
2114 2403 2142 2427 S.
2160 2404 2187 2426 6.
2205 2395 2316 2436 (1001.
2331 2397 2384 2436 1.),

776 2455 836 2486 per
854 2447 933 2478 cler.
949 2447 1062 2478 saecul.
1079 2446 1156 2486 gub.
1175 2448 1287 2485 solita,
1304 2449 1337 2479 61
1354 2457 1443 2478 unus
1458 2448 1629 2487 prioratus
1644 2448 1753 2488 (1001.
1772 2447 1824 2488 1.),
1841 2457 1901 2488 per
1918 2457 2010 2480 mou.
2027 2449 2106 2480 6661.
2122 2457 2150 2480 s.
2168 2449 2283 2481 Pontii
2298 2449 2386 2481 Tho·

775 2500 961 2531 meriarum
975 2500 1052 2540 gub.
1072 2501 1206 2538 solitus,
1224 2501 1371 2532 unienda
1387 2501 1423 2532 in
1442 2510 1537 2541 perp.
1555 2510 1682 2533 mensae
1701 2510 1771 2533 suae
1784 2510 1858 2542 quae
1874 2503 1952 2542 post
1966 2501 2172 2533 divisionem
2188 2511 2231 2534 ex
2248 2503 2384 2535 ordina-

774 2554 866 2585 tione
883 2554 982 2593 Papae
999 2553 1119 2584 factam
1138 2554 1178 2584 de
1198 2554 1298 2585 bonis
1317 2554 1424 2594 eJusd.
1442 2555 1523 2586 6661.
1542 2554 1630 2586 inter
1649 2555 1762 2586 eumd.
1783 2563 1898 2594 ep.um
1916 2556 1948 2586 61
1965 2555 2065 2595 capit.
2087 2555 2185 2587 dictae
2201 2556 2282 2587 6661.
2301 2556 2384 2589 adeo

775 2607 810 2637 in
825 2607 1015 2638 redditibus
1029 2609 1080 2638 est
1099 2607 1267 2638 diminuta
1281 2609 1317 2638 ut
1331 2608 1421 2639 idem
1437 2616 1534 2648 ep.us
1548 2607 1656 2639 multo
1669 2608 1749 2647 plus
1761 2607 1901 2639 haberet
1916 2608 1951 2639 in
1970 2608 2162 2640 redditibus
2177 2617 2215 2650 60
2230 2610 2384 2650 tempore

775 2669 841 2701 quo
860 2661 984 2700 quond.
1005 2662 1151 2691 monast.
1175 2669 1203 2691 6.
1228 2661 1353 2698 Pontii,
1374 2661 1593 2703 postmodum
1610 2661 1646 2692 in
1671 2661 1751 2692 eccl.
1776 2661 2005 2692 cathedralem
2029 2663 2152 2699 erecto,
2178 2663 2383 2701 praesidebat

774 2714 875 2745 sicuti
890 2713 1006 2750 abbas,
1027 2722 1127 2753 quam
1149 2722 1237 2744 nunc
1253 2713 1384 2749 habeat,
1403 2714 1469 2745 eid.
1491 2714 1571 2745 eccl.
1589 2714 1777 2754 praesidens
1799 2714 1901 2746 sicuti
1923 2714 2080 2746 antistes.
2097 2715 2217 2755 (A.-20,
2235 2716 2259 2748 f.
2276 2717 2336 2748 387
2350 2721 2380 2754 ²3

779 2767 813 2797 V.
835 2769 885 2804 76,
905 2776 957 2806 ep.
977 2767 1066 2806 634.)
2165 2795 2169 2798 .

819 2817 954 2849 18799.
975 2838 1014 2843 —-
1037 2820 1151 2851 Joanm'
1178 2819 1213 2850 de
1234 2820 1388 2858 Loberho,
1413 2822 1491 2851 nato
1513 2820 1655 2852 Jordani
1677 2820 1718 2851 de
1743 2820 1903 2852 Lobertio
1921 2821 2009 2859 mil.,
2033 2830 2129 2861 prov.
2153 2831 2272 2855 canon.
2297 2824 2380 2856 eccl.

771 2874 943 2906 Pictaven.
964 2873 1027 2905 sub
1048 2882 1144 2913 exsp.
1161 2873 1263 2913 praeb.
1285 2892 1323 2896 —
1342 2874 1368 2904 Ι.
1387 2883 1415 2904 e.
1440 2882 1485 2905 m.
1509 2873 1680 2913 archiep.o
1700 2874 1873 2912 Tolosam,
1894 2875 1927 2906 et
1947 2875 2131 2907 Taurinen.
2157 2885 2195 2907 ac
2216 2877 2378 2910 Vasaten.

771 2928 870 2968 ep.is.
888 2928 940 2967 (A.
955 2929 1005 2965 20,
1025 2927 1049 2958 f.
1062 2929 1122 2959 376
1135 2927 1167 2965 b;
1190 2926 1224 2958 V.
1242 2929 1292 2964 76,
1309 2936 1361 2967 ep.
1381 2928 1466 2965 820.)

817 2979 952 3012 18800.
967 3000 1006 3004 -
1019 2980 1152 3012 Andreae
1165 2980 1201 3011 de
1219 2980 1420 3021 Calviqniaco
1432 2989 1527 3020 prov.
1546 2989 1664 3012 canon.
1680 2980 1760 3012 eccl.
1775 2981 1962 3013 Bituricen.
1978 2981 2042 3013 sub
2057 2991 2154 3023 exsp.
2167 2983 2270 3024 praeb.
2281 2994 2291 3021 3
2305 2993 2376 3016 cas-

770 3036 889 3067 santur
913 3034 988 3066 aliae
1011 3034 1078 3066 litt.
1098 3034 1225 3066 similis
1240 3034 1368 3075 grathe,
1389 3042 1463 3074 quae
1486 3034 1626 3066 inutiles
1651 3035 1683 3066 et
1704 3034 1925 3066 infructuosae
1948 3035 2137 3069 extiterunt
2155 3045 2197 3069 ex
2225 3046 2264 3069 eo
2286 3037 2378 3078 quod
