<?xml version="1.0" encoding="UTF-8"?>
<!DOCTYPE html PUBLIC "-//W3C//DTD XHTML 1.0 Transitional//EN"
    "http://www.w3.org/TR/xhtml1/DTD/xhtml1-transitional.dtd">
<html xmlns="http://www.w3.org/1999/xhtml" xml:lang="en" lang="en">
 <head>
  <title>
</title>
<meta http-equiv="Content-Type" content="text/html;charset=utf-8" />
  <meta name='ocr-system' content='tesseract 3.04.00' />
  <meta name='ocr-capabilities' content='ocr_page ocr_carea ocr_par ocr_line ocrx_word'/>
</head>
<body>
  <div class='ocr_page' id='page_1' title='image "./lettrescommunes05romeuoft_0011.png"; bbox 0 0 2632 3632; ppageno 0'>
   <div class='ocr_carea' id='block_1_1' title="bbox 0 0 220 3632">
    <p class='ocr_par' dir='ltr' id='par_1_1' title="bbox 0 0 220 3632">
     <span class='ocr_line' id='line_1_1' title="bbox 0 0 220 3632; baseline 0 0"><span class='ocrx_word' id='word_1_1' title='bbox 0 0 220 3632; x_wconf 95' lang='lat' dir='ltr'> </span> 
     </span>
    </p>
   </div>
   <div class='ocr_carea' id='block_1_2' title="bbox 449 698 2046 830">
    <p class='ocr_par' dir='ltr' id='par_1_2' title="bbox 449 698 2046 830">
     <span class='ocr_line' id='line_1_2' title="bbox 449 698 2046 830; baseline -0.001 -26"><span class='ocrx_word' id='word_1_2' title='bbox 449 698 1116 830; x_wconf 81' lang='lat' dir='ltr'>JOANNIS</span> <span class='ocrx_word' id='word_1_3' title='bbox 1199 699 1625 825; x_wconf 74' lang='lat' dir='ltr'>PAPAE</span> <span class='ocrx_word' id='word_1_4' title='bbox 1702 701 2046 802; x_wconf 83' lang='lat' dir='ltr'>XXII</span> 
     </span>
    </p>
   </div>
   <div class='ocr_carea' id='block_1_3' title="bbox 253 1735 570 1769">
    <p class='ocr_par' dir='ltr' id='par_1_3' title="bbox 253 1735 570 1769">
     <span class='ocr_line' id='line_1_3' title="bbox 253 1735 570 1769; baseline 0 -1"><span class='ocrx_word' id='word_1_5' title='bbox 253 1740 357 1768; x_wconf 79' lang='lat' dir='ltr'>Datum</span> <span class='ocrx_word' id='word_1_6' title='bbox 388 1735 570 1769; x_wconf 78' lang='lat' dir='ltr'>Avenione.</span> 
     </span>
    </p>
   </div>
   <div class='ocr_carea' id='block_1_4' title="bbox 253 1842 571 1879">
    <p class='ocr_par' dir='ltr' id='par_1_4' title="bbox 253 1842 571 1879">
     <span class='ocr_line' id='line_1_4' title="bbox 253 1842 571 1879; baseline -0.003 -8"><span class='ocrx_word' id='word_1_7' title='bbox 253 1843 273 1871; x_wconf 84' lang='lat'><strong><em>5</em></strong></span> <span class='ocrx_word' id='word_1_8' title='bbox 287 1843 380 1879; x_wconf 87' lang='lat' dir='ltr'>(non.)</span> <span class='ocrx_word' id='word_1_9' title='bbox 395 1846 465 1878; x_wconf 77' lang='lat' dir='ltr'>sept.</span> <span class='ocrx_word' id='word_1_10' title='bbox 482 1842 571 1870; x_wconf 73' lang='lat'>4323.</span> 
     </span>
    </p>
   </div>
   <div class='ocr_carea' id='block_1_5' title="bbox 358 1888 467 1917">
    <p class='ocr_par' dir='ltr' id='par_1_5' title="bbox 358 1888 467 1917">
     <span class='ocr_line' id='line_1_5' title="bbox 358 1888 467 1917; baseline 0 -2"><span class='ocrx_word' id='word_1_11' title='bbox 358 1888 390 1917; x_wconf 85' lang='lat' dir='ltr'>T.</span> <span class='ocrx_word' id='word_1_12' title='bbox 407 1888 467 1915; x_wconf 88' lang='lat' dir='ltr'>XII.</span> 
     </span>
    </p>
   </div>
   <div class='ocr_carea' id='block_1_6' title="bbox 321 1950 506 2027">
    <p class='ocr_par' dir='ltr' id='par_1_6' title="bbox 321 1950 506 2027">
     <span class='ocr_line' id='line_1_6' title="bbox 373 1950 450 1978; baseline -0.013 0"><span class='ocrx_word' id='word_1_13' title='bbox 373 1950 410 1978; x_wconf 85' lang='lat' dir='ltr'>Ut</span> <span class='ocrx_word' id='word_1_14' title='bbox 426 1958 450 1978; x_wconf 89' lang='lat' dir='ltr'>s.</span> 
     </span>
     <span class='ocr_line' id='line_1_7' title="bbox 321 1994 506 2027; baseline 0.005 -5"><span class='ocrx_word' id='word_1_15' title='bbox 321 1995 354 2022; x_wconf 85' lang='lat' dir='ltr'>T.</span> <span class='ocrx_word' id='word_1_16' title='bbox 370 1995 417 2027; x_wconf 88' lang='lat' dir='ltr'>XI,</span> <span class='ocrx_word' id='word_1_17' title='bbox 433 1994 506 2023; x_wconf 91' lang='lat' dir='ltr'>XIII.</span> 
     </span>
    </p>
   </div>
   <div class='ocr_carea' id='block_1_7' title="bbox 321 2110 504 2190">
    <p class='ocr_par' dir='ltr' id='par_1_7' title="bbox 321 2110 504 2190">
     <span class='ocr_line' id='line_1_8' title="bbox 371 2110 452 2139; baseline 0.012 -1"><span class='ocrx_word' id='word_1_18' title='bbox 371 2110 408 2139; x_wconf 85' lang='lat' dir='ltr'>Ut</span> <span class='ocrx_word' id='word_1_19' title='bbox 428 2119 452 2139; x_wconf 76' lang='grc' dir='ltr'>ε.</span> 
     </span>
     <span class='ocr_line' id='line_1_9' title="bbox 321 2156 504 2190; baseline 0 -7"><span class='ocrx_word' id='word_1_20' title='bbox 321 2156 352 2183; x_wconf 88' lang='grc' dir='ltr'>Τ.</span> <span class='ocrx_word' id='word_1_21' title='bbox 370 2156 416 2190; x_wconf 83' lang='grc' dir='ltr'>ΧΙ,</span> <span class='ocrx_word' id='word_1_22' title='bbox 432 2156 504 2183; x_wconf 89' lang='lat' dir='ltr'>XIII.</span> 
     </span>
    </p>
   </div>
   <div class='ocr_carea' id='block_1_8' title="bbox 357 2325 467 2397">
    <p class='ocr_par' dir='ltr' id='par_1_8' title="bbox 357 2325 467 2397">
     <span class='ocr_line' id='line_1_10' title="bbox 371 2325 452 2353; baseline -0.012 0"><span class='ocrx_word' id='word_1_23' title='bbox 371 2325 408 2353; x_wconf 88' lang='lat' dir='ltr'>Ut</span> <span class='ocrx_word' id='word_1_24' title='bbox 428 2333 452 2352; x_wconf 83' lang='lat' dir='ltr'>s.</span> 
     </span>
     <span class='ocr_line' id='line_1_11' title="bbox 357 2369 467 2397; baseline 0 -1"><span class='ocrx_word' id='word_1_25' title='bbox 357 2370 388 2397; x_wconf 87' lang='lat' dir='ltr'>T.</span> <span class='ocrx_word' id='word_1_26' title='bbox 409 2369 467 2397; x_wconf 81' lang='lat' dir='ltr'>XX.</span> 
     </span>
    </p>
   </div>
   <div class='ocr_carea' id='block_1_9' title="bbox 314 2539 511 2620">
    <p class='ocr_par' dir='ltr' id='par_1_9' title="bbox 314 2539 511 2620">
     <span class='ocr_line' id='line_1_12' title="bbox 371 2539 454 2568; baseline 0 -1"><span class='ocrx_word' id='word_1_27' title='bbox 371 2539 410 2568; x_wconf 87' lang='lat' dir='ltr'>Ut</span> <span class='ocrx_word' id='word_1_28' title='bbox 430 2548 454 2567; x_wconf 86' lang='lat' dir='ltr'>s.</span> 
     </span>
     <span class='ocr_line' id='line_1_13' title="bbox 314 2585 511 2620; baseline 0.005 -8"><span class='ocrx_word' id='word_1_29' title='bbox 314 2586 346 2612; x_wconf 88' lang='grc' dir='ltr'>Τ.</span> <span class='ocrx_word' id='word_1_30' title='bbox 363 2585 423 2620; x_wconf 89' lang='lat' dir='ltr'>Xll,</span> <span class='ocrx_word' id='word_1_31' title='bbox 440 2585 511 2613; x_wconf 89' lang='lat' dir='ltr'>XIV.</span> 
     </span>
    </p>
   </div>
   <div class='ocr_carea' id='block_1_10' title="bbox 347 2968 485 3042">
    <p class='ocr_par' dir='ltr' id='par_1_10' title="bbox 347 2968 485 3042">
     <span class='ocr_line' id='line_1_14' title="bbox 374 2968 453 2996; baseline 0 0"><span class='ocrx_word' id='word_1_32' title='bbox 374 2968 411 2996; x_wconf 87' lang='lat' dir='ltr'>Ut</span> <span class='ocrx_word' id='word_1_33' title='bbox 429 2977 453 2996; x_wconf 89' lang='lat' dir='ltr'>s.</span> 
     </span>
     <span class='ocr_line' id='line_1_15' title="bbox 347 3012 485 3042; baseline 0.022 -3"><span class='ocrx_word' id='word_1_34' title='bbox 347 3012 380 3042; x_wconf 84' lang='lat' dir='ltr'>T.</span> <span class='ocrx_word' id='word_1_35' title='bbox 401 3012 485 3042; x_wconf 72' lang='lat'>11111.</span> 
     </span>
    </p>
   </div>
   <div class='ocr_carea' id='block_1_11' title="bbox 1056 885 1444 958">
    <p class='ocr_par' dir='ltr' id='par_1_11' title="bbox 1056 885 1444 958">
     <span class='ocr_line' id='line_1_16' title="bbox 1056 885 1444 958; baseline -0.005 -8"><span class='ocrx_word' id='word_1_36' title='bbox 1056 885 1444 958; x_wconf 79' lang='lat'>(1316-1334)</span> 
     </span>
    </p>
   </div>
   <div class='ocr_carea' id='block_1_12' title="bbox 707 1110 1785 1202">
    <p class='ocr_par' dir='ltr' id='par_1_12' title="bbox 707 1110 1785 1202">
     <span class='ocr_line' id='line_1_17' title="bbox 707 1110 1785 1202; baseline 0.005 -18"><span class='ocrx_word' id='word_1_37' title='bbox 707 1110 1170 1202; x_wconf 85' lang='lat' dir='ltr'>LITTERAE</span> <span class='ocrx_word' id='word_1_38' title='bbox 1231 1111 1785 1189; x_wconf 84' lang='lat' dir='ltr'><strong>COMMUNES</strong></span> 
     </span>
    </p>
   </div>
   <div class='ocr_carea' id='block_1_13' title="bbox 893 1494 1609 1642">
    <p class='ocr_par' dir='ltr' id='par_1_13' title="bbox 893 1494 1609 1642">
     <span class='ocr_line' id='line_1_18' title="bbox 1074 1494 1429 1544; baseline -0.006 0"><span class='ocrx_word' id='word_1_39' title='bbox 1074 1495 1110 1544; x_wconf 87' lang='grc' dir='ltr'>Α</span> <span class='ocrx_word' id='word_1_40' title='bbox 1127 1494 1168 1544; x_wconf 96' lang='grc' dir='ltr'>Ν</span> <span class='ocrx_word' id='word_1_41' title='bbox 1188 1494 1228 1543; x_wconf 96' lang='grc' dir='ltr'>Ν</span> <span class='ocrx_word' id='word_1_42' title='bbox 1248 1495 1257 1543; x_wconf 97' lang='grc' dir='ltr'>Ι</span> <span class='ocrx_word' id='word_1_43' title='bbox 1308 1495 1348 1544; x_wconf 84' lang='lat' dir='ltr'>V</span> <span class='ocrx_word' id='word_1_44' title='bbox 1368 1495 1376 1543; x_wconf 95' lang='grc' dir='ltr'>Ι</span> <span class='ocrx_word' id='word_1_45' title='bbox 1395 1494 1429 1543; x_wconf 91' lang='grc' dir='ltr'>ΙΙ</span> 
     </span>
     <span class='ocr_line' id='line_1_19' title="bbox 893 1591 1609 1642; baseline 0 -14"><span class='ocrx_word' id='word_1_46' title='bbox 893 1591 934 1641; x_wconf 88' lang='grc'>(5</span> <span class='ocrx_word' id='word_1_47' title='bbox 960 1594 1056 1640; x_wconf 82' lang='lat' dir='ltr'><em>sept.</em></span> <span class='ocrx_word' id='word_1_48' title='bbox 1088 1592 1202 1630; x_wconf 76' lang='lat'><em>1323</em></span> <span class='ocrx_word' id='word_1_49' title='bbox 1228 1615 1274 1620; x_wconf 91' lang='lat'><em>-</em></span> <span class='ocrx_word' id='word_1_50' title='bbox 1301 1594 1327 1630; x_wconf 74' lang='lat'><em>4</em></span> <span class='ocrx_word' id='word_1_51' title='bbox 1354 1596 1449 1642; x_wconf 83' lang='lat' dir='ltr'>sept.</span> <span class='ocrx_word' id='word_1_52' title='bbox 1482 1592 1609 1639; x_wconf 70' lang='lat'><em>1324)</em></span> 
     </span>
    </p>
   </div>
   <div class='ocr_carea' id='block_1_14' title="bbox 657 1839 2274 3064">
    <p class='ocr_par' dir='ltr' id='par_1_14' title="bbox 658 1839 2272 1940">
     <span class='ocr_line' id='line_1_20' title="bbox 705 1839 2272 1886; baseline 0.004 -15"><span class='ocrx_word' id='word_1_53' title='bbox 705 1839 842 1872; x_wconf 84' lang='grc'>18198.</span> <span class='ocrx_word' id='word_1_54' title='bbox 862 1861 900 1866; x_wconf 85' lang='lat'>--</span> <span class='ocrx_word' id='word_1_55' title='bbox 916 1843 1045 1883; x_wconf 78' lang='lat' dir='ltr'>Spiren.</span> <span class='ocrx_word' id='word_1_56' title='bbox 1066 1848 1094 1874; x_wconf 82' lang='lat' dir='ltr'>et</span> <span class='ocrx_word' id='word_1_57' title='bbox 1119 1843 1318 1875; x_wconf 83' lang='lat' dir='ltr'>Wormacien.</span> <span class='ocrx_word' id='word_1_58' title='bbox 1336 1845 1414 1885; x_wconf 73' lang='lat' dir='ltr'>eJm&#39;s</span> <span class='ocrx_word' id='word_1_59' title='bbox 1430 1845 1543 1876; x_wconf 83' lang='lat' dir='ltr'>mand.</span> <span class='ocrx_word' id='word_1_60' title='bbox 1559 1847 1595 1877; x_wconf 88' lang='lat' dir='ltr'>ut</span> <span class='ocrx_word' id='word_1_61' title='bbox 1611 1845 1746 1877; x_wconf 81' lang='lat' dir='ltr'>Mathioe</span> <span class='ocrx_word' id='word_1_62' title='bbox 1761 1845 1802 1876; x_wconf 85' lang='lat' dir='ltr'>el.</span> <span class='ocrx_word' id='word_1_63' title='bbox 1821 1845 2010 1885; x_wconf 84' lang='lat' dir='ltr'>Maguntin.</span> <span class='ocrx_word' id='word_1_64' title='bbox 2027 1845 2171 1886; x_wconf 90' lang='lat' dir='ltr'>pallium</span> <span class='ocrx_word' id='word_1_65' title='bbox 2189 1846 2272 1878; x_wconf 84' lang='lat' dir='ltr'>assi-</span> 
     </span>
     <span class='ocr_line' id='line_1_21' title="bbox 658 1896 2152 1940; baseline 0.003 -13"><span class='ocrx_word' id='word_1_66' title='bbox 658 1897 772 1938; x_wconf 87' lang='lat' dir='ltr'>gnent,</span> <span class='ocrx_word' id='word_1_67' title='bbox 793 1898 826 1928; x_wconf 88' lang='lat' dir='ltr'>et</span> <span class='ocrx_word' id='word_1_68' title='bbox 845 1896 886 1927; x_wconf 89' lang='lat' dir='ltr'>ab</span> <span class='ocrx_word' id='word_1_69' title='bbox 902 1897 978 1936; x_wconf 85' lang='lat' dir='ltr'>ipso</span> <span class='ocrx_word' id='word_1_70' title='bbox 996 1897 1174 1929; x_wconf 86' lang='lat' dir='ltr'>fidelitatis</span> <span class='ocrx_word' id='word_1_71' title='bbox 1191 1898 1358 1937; x_wconf 81' lang='lat' dir='ltr'>recipiant</span> <span class='ocrx_word' id='word_1_72' title='bbox 1371 1899 1614 1938; x_wconf 85' lang='lat' dir='ltr'>juramentum.</span> <span class='ocrx_word' id='word_1_73' title='bbox 1633 1899 1685 1940; x_wconf 87' lang='lat' dir='ltr'>(A.</span> <span class='ocrx_word' id='word_1_74' title='bbox 1703 1900 1754 1937; x_wconf 79' lang='lat'>20,</span> <span class='ocrx_word' id='word_1_75' title='bbox 1773 1899 1795 1929; x_wconf 86' lang='lat' dir='ltr'>f.</span> <span class='ocrx_word' id='word_1_76' title='bbox 1808 1901 1847 1931; x_wconf 82' lang='lat'>39</span> <span class='ocrx_word' id='word_1_77' title='bbox 1862 1904 1890 1936; x_wconf 76' lang='lat'>³3</span> <span class='ocrx_word' id='word_1_78' title='bbox 1914 1898 1948 1930; x_wconf 89' lang='lat' dir='ltr'>V.</span> <span class='ocrx_word' id='word_1_79' title='bbox 1966 1901 2016 1937; x_wconf 88' lang='grc'>76,</span> <span class='ocrx_word' id='word_1_80' title='bbox 2033 1908 2085 1940; x_wconf 88' lang='lat' dir='ltr'>ep.</span> <span class='ocrx_word' id='word_1_81' title='bbox 2106 1901 2152 1940; x_wconf 74' lang='lat'>2.)</span> 
     </span>
    </p>

    <p class='ocr_par' dir='ltr' id='par_1_15' title="bbox 657 1947 2272 2099">
     <span class='ocr_line' id='line_1_22' title="bbox 705 1947 2272 1992; baseline 0.003 -13"><span class='ocrx_word' id='word_1_82' title='bbox 705 1947 842 1980; x_wconf 82' lang='grc'>18199.</span> <span class='ocrx_word' id='word_1_83' title='bbox 860 1967 899 1972; x_wconf 89' lang='grc'><strong>-</strong></span> <span class='ocrx_word' id='word_1_84' title='bbox 914 1950 1057 1981; x_wconf 80' lang='lat' dir='ltr'>Florano</span> <span class='ocrx_word' id='word_1_85' title='bbox 1078 1950 1271 1982; x_wconf 81' lang='lat' dir='ltr'>Guallerucii</span> <span class='ocrx_word' id='word_1_86' title='bbox 1287 1951 1323 1982; x_wconf 82' lang='lat' dir='ltr'>de</span> <span class='ocrx_word' id='word_1_87' title='bbox 1339 1951 1422 1982; x_wconf 83' lang='lat' dir='ltr'>Fano</span> <span class='ocrx_word' id='word_1_88' title='bbox 1443 1960 1539 1992; x_wconf 89' lang='lat' dir='ltr'>prov.</span> <span class='ocrx_word' id='word_1_89' title='bbox 1561 1960 1680 1982; x_wconf 84' lang='lat' dir='ltr'>canon.</span> <span class='ocrx_word' id='word_1_90' title='bbox 1701 1951 1782 1983; x_wconf 83' lang='lat' dir='ltr'>eccl.</span> <span class='ocrx_word' id='word_1_91' title='bbox 1797 1951 1960 1983; x_wconf 88' lang='lat' dir='ltr'>Vencien.</span> <span class='ocrx_word' id='word_1_92' title='bbox 1981 1953 2043 1983; x_wconf 88' lang='lat' dir='ltr'>sub</span> <span class='ocrx_word' id='word_1_93' title='bbox 2057 1961 2152 1992; x_wconf 82' lang='lat' dir='ltr'>exsp.</span> <span class='ocrx_word' id='word_1_94' title='bbox 2168 1953 2272 1992; x_wconf 86' lang='lat' dir='ltr'>praeb.</span> 
     </span>
     <span class='ocr_line' id='line_1_23' title="bbox 657 2005 2272 2044; baseline 0.001 -8"><span class='ocrx_word' id='word_1_95' title='bbox 657 2024 696 2030; x_wconf 88' lang='lat'>—</span> <span class='ocrx_word' id='word_1_96' title='bbox 713 2005 740 2036; x_wconf 92' lang='grc' dir='ltr'>Ι.</span> <span class='ocrx_word' id='word_1_97' title='bbox 759 2013 788 2036; x_wconf 86' lang='lat' dir='ltr'>e.</span> <span class='ocrx_word' id='word_1_98' title='bbox 806 2013 851 2035; x_wconf 91' lang='lat' dir='ltr'>m.</span> <span class='ocrx_word' id='word_1_99' title='bbox 869 2013 946 2044; x_wconf 90' lang='lat' dir='ltr'>ep.o</span> <span class='ocrx_word' id='word_1_100' title='bbox 963 2005 1205 2042; x_wconf 89' lang='lat' dir='ltr'>Humanaten.,</span> <span class='ocrx_word' id='word_1_101' title='bbox 1227 2006 1259 2036; x_wconf 88' lang='lat' dir='ltr'>et</span> <span class='ocrx_word' id='word_1_102' title='bbox 1277 2005 1354 2037; x_wconf 89' lang='lat' dir='ltr'>abb.</span> <span class='ocrx_word' id='word_1_103' title='bbox 1371 2007 1518 2037; x_wconf 88' lang='lat' dir='ltr'>monast.</span> <span class='ocrx_word' id='word_1_104' title='bbox 1537 2014 1565 2036; x_wconf 83' lang='lat' dir='ltr'>S.</span> <span class='ocrx_word' id='word_1_105' title='bbox 1580 2005 1724 2036; x_wconf 83' lang='lat' dir='ltr'>Joannis</span> <span class='ocrx_word' id='word_1_106' title='bbox 1749 2006 1789 2036; x_wconf 90' lang='lat' dir='ltr'>de</span> <span class='ocrx_word' id='word_1_107' title='bbox 1814 2005 2053 2042; x_wconf 81' lang='lat' dir='ltr'>Pennaolaria,</span> <span class='ocrx_word' id='word_1_108' title='bbox 2070 2007 2272 2039; x_wconf 88' lang='lat' dir='ltr'>Anconitan.</span> 
     </span>
     <span class='ocr_line' id='line_1_24' title="bbox 657 2058 1791 2099; baseline -0.003 -8"><span class='ocrx_word' id='word_1_109' title='bbox 657 2060 718 2097; x_wconf 66' lang='lat' dir='ltr'>di„</span> <span class='ocrx_word' id='word_1_110' title='bbox 738 2067 776 2090; x_wconf 84' lang='lat' dir='ltr'>ac</span> <span class='ocrx_word' id='word_1_111' title='bbox 793 2067 896 2098; x_wconf 86' lang='lat' dir='ltr'>praep.</span> <span class='ocrx_word' id='word_1_112' title='bbox 913 2058 994 2090; x_wconf 87' lang='lat' dir='ltr'>ecel.</span> <span class='ocrx_word' id='word_1_113' title='bbox 1015 2058 1218 2090; x_wconf 86' lang='lat' dir='ltr'>Avinionen.</span> <span class='ocrx_word' id='word_1_114' title='bbox 1240 2059 1291 2097; x_wconf 89' lang='lat' dir='ltr'>(A.</span> <span class='ocrx_word' id='word_1_115' title='bbox 1308 2060 1358 2096; x_wconf 78' lang='lat'>20,</span> <span class='ocrx_word' id='word_1_116' title='bbox 1376 2059 1399 2090; x_wconf 88' lang='lat' dir='ltr'>f.</span> <span class='ocrx_word' id='word_1_117' title='bbox 1417 2062 1455 2090; x_wconf 80' lang='grc'>41</span> <span class='ocrx_word' id='word_1_118' title='bbox 1474 2059 1506 2096; x_wconf 66' lang='lat'>1³3</span> <span class='ocrx_word' id='word_1_119' title='bbox 1528 2059 1564 2089; x_wconf 88' lang='lat' dir='ltr'>V.</span> <span class='ocrx_word' id='word_1_120' title='bbox 1585 2060 1635 2096; x_wconf 85' lang='lat'>76,</span> <span class='ocrx_word' id='word_1_121' title='bbox 1652 2068 1704 2099; x_wconf 90' lang='lat' dir='ltr'>ep.</span> <span class='ocrx_word' id='word_1_122' title='bbox 1725 2058 1791 2098; x_wconf 93' lang='grc'>10.)</span> 
     </span>
    </p>

    <p class='ocr_par' dir='ltr' id='par_1_16' title="bbox 658 2105 2274 2313">
     <span class='ocr_line' id='line_1_25' title="bbox 706 2105 2274 2153; baseline 0.003 -12"><span class='ocrx_word' id='word_1_123' title='bbox 706 2105 841 2142; x_wconf 90' lang='grc'>18200.</span> <span class='ocrx_word' id='word_1_124' title='bbox 857 2130 897 2135; x_wconf 85' lang='grc'><strong>-</strong></span> <span class='ocrx_word' id='word_1_125' title='bbox 911 2111 1047 2142; x_wconf 82' lang='lat' dir='ltr'>Florano</span> <span class='ocrx_word' id='word_1_126' title='bbox 1064 2112 1256 2143; x_wconf 76' lang='lat' dir='ltr'>Guallerucii</span> <span class='ocrx_word' id='word_1_127' title='bbox 1269 2112 1305 2143; x_wconf 84' lang='lat' dir='ltr'>de</span> <span class='ocrx_word' id='word_1_128' title='bbox 1320 2112 1407 2143; x_wconf 78' lang='lat' dir='ltr'>Fano</span> <span class='ocrx_word' id='word_1_129' title='bbox 1426 2112 1536 2153; x_wconf 79' lang='lat' dir='ltr'>gratia</span> <span class='ocrx_word' id='word_1_130' title='bbox 1556 2121 1652 2152; x_wconf 84' lang='lat' dir='ltr'>exsp.</span> <span class='ocrx_word' id='word_1_131' title='bbox 1673 2112 1784 2144; x_wconf 86' lang='lat' dir='ltr'>benef.</span> <span class='ocrx_word' id='word_1_132' title='bbox 1803 2121 1832 2143; x_wconf 86' lang='lat' dir='ltr'>c.</span> <span class='ocrx_word' id='word_1_133' title='bbox 1852 2122 1880 2143; x_wconf 85' lang='lat' dir='ltr'>c.</span> <span class='ocrx_word' id='word_1_134' title='bbox 1895 2113 1950 2144; x_wconf 88' lang='lat' dir='ltr'>vel</span> <span class='ocrx_word' id='word_1_135' title='bbox 1969 2122 1997 2144; x_wconf 86' lang='lat' dir='ltr'>s.</span> <span class='ocrx_word' id='word_1_136' title='bbox 2014 2122 2042 2144; x_wconf 87' lang='lat' dir='ltr'>c.</span> <span class='ocrx_word' id='word_1_137' title='bbox 2057 2113 2092 2144; x_wconf 93' lang='lat' dir='ltr'>in</span> <span class='ocrx_word' id='word_1_138' title='bbox 2110 2113 2202 2145; x_wconf 88' lang='lat' dir='ltr'>civit.</span> <span class='ocrx_word' id='word_1_139' title='bbox 2220 2114 2274 2146; x_wconf 85' lang='lat' dir='ltr'>vel</span> 
     </span>
     <span class='ocr_line' id='line_1_26' title="bbox 658 2166 2274 2207; baseline 0 -9"><span class='ocrx_word' id='word_1_140' title='bbox 658 2167 704 2198; x_wconf 88' lang='lat' dir='ltr'>di.</span> <span class='ocrx_word' id='word_1_141' title='bbox 728 2166 944 2202; x_wconf 77' lang='lat' dir='ltr'>Anconitan..</span> <span class='ocrx_word' id='word_1_142' title='bbox 964 2166 1101 2197; x_wconf 85' lang='lat' dir='ltr'>etiamsi</span> <span class='ocrx_word' id='word_1_143' title='bbox 1123 2166 1229 2206; x_wconf 68' lang='lat' dir='ltr'>dign„</span> <span class='ocrx_word' id='word_1_144' title='bbox 1257 2167 1475 2206; x_wconf 67' lang='lat' dir='ltr'>personatus,</span> <span class='ocrx_word' id='word_1_145' title='bbox 1492 2167 1550 2198; x_wconf 83' lang='lat' dir='ltr'>aut</span> <span class='ocrx_word' id='word_1_146' title='bbox 1579 2166 1634 2197; x_wconf 86' lang='lat' dir='ltr'>off.</span> <span class='ocrx_word' id='word_1_147' title='bbox 1653 2175 1714 2197; x_wconf 87' lang='lat' dir='ltr'>seu</span> <span class='ocrx_word' id='word_1_148' title='bbox 1738 2166 1930 2198; x_wconf 88' lang='lat' dir='ltr'>administr.</span> <span class='ocrx_word' id='word_1_149' title='bbox 1953 2167 2090 2202; x_wconf 84' lang='lat' dir='ltr'>existat,</span> <span class='ocrx_word' id='word_1_150' title='bbox 2109 2168 2214 2207; x_wconf 85' lang='lat' dir='ltr'>spect.</span> <span class='ocrx_word' id='word_1_151' title='bbox 2232 2168 2274 2198; x_wconf 85' lang='lat' dir='ltr'>ad</span> 
     </span>
     <span class='ocr_line' id='line_1_27' title="bbox 658 2219 2274 2260; baseline 0.001 -8"><span class='ocrx_word' id='word_1_152' title='bbox 658 2220 772 2252; x_wconf 87' lang='lat' dir='ltr'>collat.</span> <span class='ocrx_word' id='word_1_153' title='bbox 796 2219 864 2260; x_wconf 74' lang='lat' dir='ltr'>epi</span> <span class='ocrx_word' id='word_1_154' title='bbox 879 2219 1081 2251; x_wconf 85' lang='lat' dir='ltr'>Anconitan.</span> <span class='ocrx_word' id='word_1_155' title='bbox 1101 2237 1141 2243; x_wconf 94' lang='lat'>—</span> <span class='ocrx_word' id='word_1_156' title='bbox 1157 2220 1184 2251; x_wconf 90' lang='grc' dir='ltr'>Ι.</span> <span class='ocrx_word' id='word_1_157' title='bbox 1202 2229 1231 2251; x_wconf 91' lang='lat' dir='ltr'>e.</span> <span class='ocrx_word' id='word_1_158' title='bbox 1251 2229 1296 2251; x_wconf 93' lang='lat' dir='ltr'>m.</span> <span class='ocrx_word' id='word_1_159' title='bbox 1314 2220 1420 2259; x_wconf 88' lang='lat' dir='ltr'>priori</span> <span class='ocrx_word' id='word_1_160' title='bbox 1438 2220 1479 2251; x_wconf 94' lang='lat' dir='ltr'>de</span> <span class='ocrx_word' id='word_1_161' title='bbox 1493 2219 1682 2257; x_wconf 85' lang='lat' dir='ltr'>Vallauria,</span> <span class='ocrx_word' id='word_1_162' title='bbox 1700 2220 1863 2252; x_wconf 86' lang='lat' dir='ltr'>Grassen.</span> <span class='ocrx_word' id='word_1_163' title='bbox 1880 2220 1940 2256; x_wconf 80' lang='lat' dir='ltr'>di..</span> <span class='ocrx_word' id='word_1_164' title='bbox 1953 2222 1986 2252; x_wconf 88' lang='lat' dir='ltr'>et</span> <span class='ocrx_word' id='word_1_165' title='bbox 2005 2220 2216 2253; x_wconf 86' lang='lat' dir='ltr'>Avenionen.</span> <span class='ocrx_word' id='word_1_166' title='bbox 2236 2230 2274 2253; x_wconf 84' lang='lat' dir='ltr'>ac</span> 
     </span>
     <span class='ocr_line' id='line_1_28' title="bbox 659 2273 1617 2313; baseline -0.001 -8"><span class='ocrx_word' id='word_1_167' title='bbox 659 2274 823 2306; x_wconf 84' lang='lat' dir='ltr'>Grassen.</span> <span class='ocrx_word' id='word_1_168' title='bbox 840 2282 943 2313; x_wconf 82' lang='lat' dir='ltr'>praep.</span> <span class='ocrx_word' id='word_1_169' title='bbox 963 2273 1044 2304; x_wconf 86' lang='lat' dir='ltr'>eccl.</span> <span class='ocrx_word' id='word_1_170' title='bbox 1064 2273 1119 2313; x_wconf 91' lang='lat' dir='ltr'>(A.</span> <span class='ocrx_word' id='word_1_171' title='bbox 1138 2275 1188 2311; x_wconf 77' lang='lat'>20,</span> <span class='ocrx_word' id='word_1_172' title='bbox 1207 2273 1230 2306; x_wconf 84' lang='lat' dir='ltr'>f.</span> <span class='ocrx_word' id='word_1_173' title='bbox 1249 2275 1289 2304; x_wconf 76' lang='lat'>42</span> <span class='ocrx_word' id='word_1_174' title='bbox 1304 2279 1335 2310; x_wconf 72' lang='grc' dir='ltr'>ει;</span> <span class='ocrx_word' id='word_1_175' title='bbox 1361 2273 1395 2305; x_wconf 94' lang='lat' dir='ltr'>V.</span> <span class='ocrx_word' id='word_1_176' title='bbox 1415 2275 1465 2311; x_wconf 80' lang='lat'>76,</span> <span class='ocrx_word' id='word_1_177' title='bbox 1481 2282 1534 2313; x_wconf 89' lang='lat' dir='ltr'>ep.</span> <span class='ocrx_word' id='word_1_178' title='bbox 1553 2274 1617 2312; x_wconf 91' lang='grc'>11.)</span> 
     </span>
    </p>

    <p class='ocr_par' dir='ltr' id='par_1_17' title="bbox 658 2324 2273 2529">
     <span class='ocr_line' id='line_1_29' title="bbox 705 2324 2271 2368; baseline 0.002 -11"><span class='ocrx_word' id='word_1_179' title='bbox 705 2324 842 2357; x_wconf 85' lang='grc'>18201.</span> <span class='ocrx_word' id='word_1_180' title='bbox 864 2345 901 2349; x_wconf 95' lang='grc'>-</span> <span class='ocrx_word' id='word_1_181' title='bbox 925 2326 1025 2357; x_wconf 81' lang='lat' dir='ltr'>Odoni</span> <span class='ocrx_word' id='word_1_182' title='bbox 1044 2327 1235 2367; x_wconf 65' lang='lat' dir='ltr'>patriarcha,²</span> <span class='ocrx_word' id='word_1_183' title='bbox 1259 2326 1483 2364; x_wconf 47' lang='lat' dir='ltr'>Alexandria,</span> <span class='ocrx_word' id='word_1_184' title='bbox 1510 2327 1783 2359; x_wconf 85' lang='lat' dir='ltr'>administratori</span> <span class='ocrx_word' id='word_1_185' title='bbox 1809 2327 1889 2359; x_wconf 88' lang='lat' dir='ltr'>eccl.</span> <span class='ocrx_word' id='word_1_186' title='bbox 1910 2327 2088 2359; x_wconf 79' lang='lat' dir='ltr'>cassinen.</span> <span class='ocrx_word' id='word_1_187' title='bbox 2106 2337 2167 2368; x_wconf 87' lang='lat' dir='ltr'>per</span> <span class='ocrx_word' id='word_1_188' title='bbox 2182 2329 2216 2360; x_wconf 82' lang='lat' dir='ltr'>S.</span> <span class='ocrx_word' id='word_1_189' title='bbox 2231 2329 2271 2360; x_wconf 89' lang='lat' dir='ltr'>A.</span> 
     </span>
     <span class='ocr_line' id='line_1_30' title="bbox 658 2381 2272 2422; baseline 0.001 -10"><span class='ocrx_word' id='word_1_190' title='bbox 658 2381 830 2421; x_wconf 79' lang='lat' dir='ltr'>deputato,</span> <span class='ocrx_word' id='word_1_191' title='bbox 859 2381 1055 2421; x_wconf 83' lang='lat' dir='ltr'>indulgetur</span> <span class='ocrx_word' id='word_1_192' title='bbox 1079 2382 1118 2412; x_wconf 94' lang='lat' dir='ltr'>ut</span> <span class='ocrx_word' id='word_1_193' title='bbox 1136 2381 1227 2412; x_wconf 82' lang='lat' dir='ltr'>intra</span> <span class='ocrx_word' id='word_1_194' title='bbox 1250 2381 1430 2412; x_wconf 86' lang='lat' dir='ltr'>Cassinen.</span> <span class='ocrx_word' id='word_1_195' title='bbox 1448 2381 1530 2412; x_wconf 86' lang='lat' dir='ltr'>eccl.</span> <span class='ocrx_word' id='word_1_196' title='bbox 1551 2381 1657 2420; x_wconf 88' lang='lat' dir='ltr'>pallio</span> <span class='ocrx_word' id='word_1_197' title='bbox 1680 2381 1731 2412; x_wconf 86' lang='lat' dir='ltr'>uti</span> <span class='ocrx_word' id='word_1_198' title='bbox 1753 2381 1876 2421; x_wconf 82' lang='lat' dir='ltr'>possit,</span> <span class='ocrx_word' id='word_1_199' title='bbox 1893 2381 1974 2413; x_wconf 86' lang='lat' dir='ltr'>licet</span> <span class='ocrx_word' id='word_1_200' title='bbox 1992 2381 2137 2421; x_wconf 90' lang='lat' dir='ltr'>pallium</span> <span class='ocrx_word' id='word_1_201' title='bbox 2160 2382 2272 2422; x_wconf 90' lang='lat' dir='ltr'>ipsum</span> 
     </span>
     <span class='ocr_line' id='line_1_31' title="bbox 658 2434 2273 2475; baseline 0.001 -9"><span class='ocrx_word' id='word_1_202' title='bbox 658 2435 700 2466; x_wconf 86' lang='lat' dir='ltr'>ad</span> <span class='ocrx_word' id='word_1_203' title='bbox 717 2443 819 2466; x_wconf 89' lang='lat' dir='ltr'>usum</span> <span class='ocrx_word' id='word_1_204' title='bbox 835 2435 868 2466; x_wconf 86' lang='lat' dir='ltr'>et</span> <span class='ocrx_word' id='word_1_205' title='bbox 888 2443 1012 2466; x_wconf 86' lang='lat' dir='ltr'>nomen</span> <span class='ocrx_word' id='word_1_206' title='bbox 1028 2435 1110 2466; x_wconf 84' lang='lat' dir='ltr'>eccl.</span> <span class='ocrx_word' id='word_1_207' title='bbox 1126 2434 1366 2470; x_wconf 60' lang='lat' dir='ltr'>Alexandria„</span> <span class='ocrx_word' id='word_1_208' title='bbox 1387 2435 1422 2466; x_wconf 89' lang='lat' dir='ltr'>in</span> <span class='ocrx_word' id='word_1_209' title='bbox 1439 2435 1551 2466; x_wconf 89' lang='lat' dir='ltr'>medio</span> <span class='ocrx_word' id='word_1_210' title='bbox 1567 2434 1717 2465; x_wconf 80' lang='lat' dir='ltr'>nationis</span> <span class='ocrx_word' id='word_1_211' title='bbox 1732 2443 1902 2474; x_wconf 80' lang='lat' dir='ltr'>perversae</span> <span class='ocrx_word' id='word_1_212' title='bbox 1917 2435 2048 2475; x_wconf 83' lang='lat' dir='ltr'>positae,</span> <span class='ocrx_word' id='word_1_213' title='bbox 2070 2435 2115 2467; x_wconf 88' lang='lat' dir='ltr'>sit</span> <span class='ocrx_word' id='word_1_214' title='bbox 2136 2435 2204 2475; x_wconf 86' lang='lat' dir='ltr'>ipsi</span> <span class='ocrx_word' id='word_1_215' title='bbox 2219 2445 2273 2467; x_wconf 88' lang='lat' dir='ltr'>as-</span> 
     </span>
     <span class='ocr_line' id='line_1_32' title="bbox 658 2487 2033 2529; baseline -0.001 -10"><span class='ocrx_word' id='word_1_216' title='bbox 658 2489 843 2529; x_wconf 83' lang='lat' dir='ltr'>signatum.</span> <span class='ocrx_word' id='word_1_217' title='bbox 862 2488 914 2529; x_wconf 89' lang='lat' dir='ltr'>(A.</span> <span class='ocrx_word' id='word_1_218' title='bbox 928 2489 979 2525; x_wconf 68' lang='grc'>20,</span> <span class='ocrx_word' id='word_1_219' title='bbox 997 2487 1021 2519; x_wconf 90' lang='lat' dir='ltr'>f.</span> <span class='ocrx_word' id='word_1_220' title='bbox 1038 2489 1079 2520; x_wconf 81' lang='lat'>59</span> <span class='ocrx_word' id='word_1_221' title='bbox 1095 2488 1128 2526; x_wconf 77' lang='lat' dir='ltr'>b3</span> <span class='ocrx_word' id='word_1_222' title='bbox 1155 2488 1192 2520; x_wconf 93' lang='lat' dir='ltr'>V.</span> <span class='ocrx_word' id='word_1_223' title='bbox 1212 2491 1261 2525; x_wconf 87' lang='lat'>76,</span> <span class='ocrx_word' id='word_1_224' title='bbox 1281 2497 1333 2528; x_wconf 89' lang='lat' dir='ltr'>ep.</span> <span class='ocrx_word' id='word_1_225' title='bbox 1352 2490 1391 2520; x_wconf 90' lang='lat'>38</span> <span class='ocrx_word' id='word_1_226' title='bbox 1407 2488 1460 2528; x_wconf 90' lang='lat' dir='ltr'>B.)</span> <span class='ocrx_word' id='word_1_227' title='bbox 2029 2488 2033 2493; x_wconf 80' lang='grc'><em>“</em></span> 
     </span>
    </p>

    <p class='ocr_par' dir='ltr' id='par_1_18' title="bbox 657 2539 2273 2958">
     <span class='ocr_line' id='line_1_33' title="bbox 704 2539 2273 2584; baseline 0.003 -13"><span class='ocrx_word' id='word_1_228' title='bbox 704 2539 839 2571; x_wconf 88' lang='grc'>18202.</span> <span class='ocrx_word' id='word_1_229' title='bbox 859 2559 896 2565; x_wconf 93' lang='grc'>-</span> <span class='ocrx_word' id='word_1_230' title='bbox 911 2542 1028 2574; x_wconf 84' lang='lat' dir='ltr'>Joanni</span> <span class='ocrx_word' id='word_1_231' title='bbox 1051 2541 1088 2573; x_wconf 85' lang='lat' dir='ltr'>de</span> <span class='ocrx_word' id='word_1_232' title='bbox 1107 2541 1231 2579; x_wconf 71' lang='lat' dir='ltr'>Melezo,</span> <span class='ocrx_word' id='word_1_233' title='bbox 1251 2550 1324 2573; x_wconf 87' lang='lat' dir='ltr'>can.</span> <span class='ocrx_word' id='word_1_234' title='bbox 1347 2542 1495 2582; x_wconf 86' lang='lat' dir='ltr'>praeben.</span> <span class='ocrx_word' id='word_1_235' title='bbox 1514 2542 1596 2574; x_wconf 83' lang='lat' dir='ltr'>eccl.</span> <span class='ocrx_word' id='word_1_236' title='bbox 1613 2543 1813 2579; x_wconf 68' lang='lat' dir='ltr'>Dauraten„</span> <span class='ocrx_word' id='word_1_237' title='bbox 1830 2542 2047 2574; x_wconf 87' lang='lat' dir='ltr'>Lemovicen.</span> <span class='ocrx_word' id='word_1_238' title='bbox 2070 2543 2128 2581; x_wconf 63' lang='lat' dir='ltr'>di„</span> <span class='ocrx_word' id='word_1_239' title='bbox 2147 2552 2218 2584; x_wconf 83' lang='lat' dir='ltr'>cap.</span> <span class='ocrx_word' id='word_1_240' title='bbox 2240 2545 2273 2575; x_wconf 87' lang='lat' dir='ltr'>et</span> 
     </span>
     <span class='ocr_line' id='line_1_34' title="bbox 657 2595 2271 2636; baseline 0.002 -10"><span class='ocrx_word' id='word_1_241' title='bbox 657 2595 766 2627; x_wconf 84' lang='lat' dir='ltr'>famil.</span> <span class='ocrx_word' id='word_1_242' title='bbox 785 2595 948 2627; x_wconf 85' lang='lat' dir='ltr'>Rainaldi</span> <span class='ocrx_word' id='word_1_243' title='bbox 971 2595 1102 2627; x_wconf 88' lang='lat' dir='ltr'>Ostien.</span> <span class='ocrx_word' id='word_1_244' title='bbox 1121 2597 1153 2627; x_wconf 88' lang='lat' dir='ltr'>et</span> <span class='ocrx_word' id='word_1_245' title='bbox 1176 2596 1362 2628; x_wconf 88' lang='lat' dir='ltr'>Velletren.</span> <span class='ocrx_word' id='word_1_246' title='bbox 1381 2596 1450 2636; x_wconf 86' lang='lat' dir='ltr'>ep.i</span> <span class='ocrx_word' id='word_1_247' title='bbox 1466 2596 1626 2636; x_wconf 64' lang='lat' dir='ltr'>supplic„</span> <span class='ocrx_word' id='word_1_248' title='bbox 1644 2596 1732 2627; x_wconf 83' lang='lat' dir='ltr'>conf.</span> <span class='ocrx_word' id='word_1_249' title='bbox 1751 2596 1924 2636; x_wconf 85' lang='lat' dir='ltr'>prioratus</span> <span class='ocrx_word' id='word_1_250' title='bbox 1948 2596 1989 2627; x_wconf 87' lang='lat' dir='ltr'>de</span> <span class='ocrx_word' id='word_1_251' title='bbox 2013 2597 2186 2632; x_wconf 89' lang='lat' dir='ltr'>Vernolio,</span> <span class='ocrx_word' id='word_1_252' title='bbox 2202 2606 2271 2629; x_wconf 78' lang='lat' dir='ltr'>mo-</span> 
     </span>
     <span class='ocr_line' id='line_1_35' title="bbox 658 2649 2272 2689; baseline 0.001 -9"><span class='ocrx_word' id='word_1_253' title='bbox 658 2650 747 2681; x_wconf 86' lang='lat' dir='ltr'>nast.</span> <span class='ocrx_word' id='word_1_254' title='bbox 770 2649 985 2686; x_wconf 87' lang='lat' dir='ltr'>Miseracen.,</span> <span class='ocrx_word' id='word_1_255' title='bbox 1006 2649 1046 2682; x_wconf 94' lang='lat' dir='ltr'>O.</span> <span class='ocrx_word' id='word_1_256' title='bbox 1063 2649 1098 2681; x_wconf 92' lang='lat' dir='ltr'>S.</span> <span class='ocrx_word' id='word_1_257' title='bbox 1113 2651 1168 2687; x_wconf 91' lang='grc' dir='ltr'>Α.,</span> <span class='ocrx_word' id='word_1_258' title='bbox 1186 2649 1372 2681; x_wconf 85' lang='lat' dir='ltr'>Bituricen.</span> <span class='ocrx_word' id='word_1_259' title='bbox 1392 2649 1452 2687; x_wconf 68' lang='lat' dir='ltr'>di„</span> <span class='ocrx_word' id='word_1_260' title='bbox 1473 2650 1671 2681; x_wconf 83' lang='lat' dir='ltr'>immediate</span> <span class='ocrx_word' id='word_1_261' title='bbox 1688 2649 1863 2689; x_wconf 88' lang='lat' dir='ltr'>subjectus</span> <span class='ocrx_word' id='word_1_262' title='bbox 1882 2650 1915 2680; x_wconf 90' lang='lat' dir='ltr'>et</span> <span class='ocrx_word' id='word_1_263' title='bbox 1931 2651 2113 2681; x_wconf 87' lang='lat' dir='ltr'>consuetus</span> <span class='ocrx_word' id='word_1_264' title='bbox 2130 2649 2171 2681; x_wconf 89' lang='lat' dir='ltr'>ab</span> <span class='ocrx_word' id='word_1_265' title='bbox 2190 2651 2272 2682; x_wconf 89' lang='lat' dir='ltr'>olim</span> 
     </span>
     <span class='ocr_line' id='line_1_36' title="bbox 658 2702 2273 2744; baseline 0.001 -10"><span class='ocrx_word' id='word_1_266' title='bbox 658 2711 719 2743; x_wconf 87' lang='lat' dir='ltr'>per</span> <span class='ocrx_word' id='word_1_267' title='bbox 734 2703 849 2734; x_wconf 81' lang='lat' dir='ltr'>saecul.</span> <span class='ocrx_word' id='word_1_268' title='bbox 869 2703 949 2734; x_wconf 90' lang='lat' dir='ltr'>cler.</span> <span class='ocrx_word' id='word_1_269' title='bbox 965 2702 1059 2743; x_wconf 64' lang='lat' dir='ltr'>gub„</span> <span class='ocrx_word' id='word_1_270' title='bbox 1078 2712 1179 2744; x_wconf 85' lang='lat' dir='ltr'>quem</span> <span class='ocrx_word' id='word_1_271' title='bbox 1197 2705 1274 2743; x_wconf 81' lang='lat' dir='ltr'>post</span> <span class='ocrx_word' id='word_1_272' title='bbox 1298 2703 1379 2735; x_wconf 90' lang='lat' dir='ltr'>obit.</span> <span class='ocrx_word' id='word_1_273' title='bbox 1399 2703 1489 2743; x_wconf 87' lang='lat' dir='ltr'>apud</span> <span class='ocrx_word' id='word_1_274' title='bbox 1503 2703 1536 2734; x_wconf 88' lang='lat' dir='ltr'>S.</span> <span class='ocrx_word' id='word_1_275' title='bbox 1553 2705 1594 2735; x_wconf 88' lang='lat' dir='ltr'>A.</span> <span class='ocrx_word' id='word_1_276' title='bbox 1614 2703 1758 2734; x_wconf 69' lang='lat' dir='ltr'>,Ioannis</span> <span class='ocrx_word' id='word_1_277' title='bbox 1781 2703 1935 2743; x_wconf 83' lang='lat' dir='ltr'>Lagarda</span> <span class='ocrx_word' id='word_1_278' title='bbox 1948 2703 2108 2735; x_wconf 85' lang='lat' dir='ltr'>Pontifex</span> <span class='ocrx_word' id='word_1_279' title='bbox 2129 2704 2273 2735; x_wconf 88' lang='lat' dir='ltr'>contulit</span> 
     </span>
     <span class='ocr_line' id='line_1_37' title="bbox 658 2756 2272 2797; baseline 0.001 -10"><span class='ocrx_word' id='word_1_280' title='bbox 658 2756 760 2788; x_wconf 87' lang='lat' dir='ltr'>Petro</span> <span class='ocrx_word' id='word_1_281' title='bbox 775 2756 942 2792; x_wconf 85' lang='lat' dir='ltr'>Roffardi,</span> <span class='ocrx_word' id='word_1_282' title='bbox 959 2757 1083 2788; x_wconf 86' lang='lat' dir='ltr'>rectori</span> <span class='ocrx_word' id='word_1_283' title='bbox 1105 2757 1240 2797; x_wconf 84' lang='lat' dir='ltr'>paroch.</span> <span class='ocrx_word' id='word_1_284' title='bbox 1256 2757 1336 2789; x_wconf 85' lang='lat' dir='ltr'>eccl.</span> <span class='ocrx_word' id='word_1_285' title='bbox 1362 2757 1402 2787; x_wconf 89' lang='lat' dir='ltr'>de</span> <span class='ocrx_word' id='word_1_286' title='bbox 1420 2757 1600 2792; x_wconf 70' lang='lat' dir='ltr'>Blanzaw,</span> <span class='ocrx_word' id='word_1_287' title='bbox 1619 2757 1836 2788; x_wconf 84' lang='lat' dir='ltr'>Lemovicen.</span> <span class='ocrx_word' id='word_1_288' title='bbox 1853 2756 1912 2791; x_wconf 66' lang='lat' dir='ltr'>di„</span> <span class='ocrx_word' id='word_1_289' title='bbox 1930 2756 2000 2796; x_wconf 85' lang='lat' dir='ltr'>qui,</span> <span class='ocrx_word' id='word_1_290' title='bbox 2020 2757 2201 2796; x_wconf 85' lang='lat' dir='ltr'>antequam</span> <span class='ocrx_word' id='word_1_291' title='bbox 2217 2757 2272 2789; x_wconf 84' lang='lat' dir='ltr'>lit-</span> 
     </span>
     <span class='ocr_line' id='line_1_38' title="bbox 657 2808 2270 2851; baseline 0 -10"><span class='ocrx_word' id='word_1_292' title='bbox 657 2810 739 2841; x_wconf 84' lang='lat' dir='ltr'>terae</span> <span class='ocrx_word' id='word_1_293' title='bbox 755 2811 865 2850; x_wconf 83' lang='lat' dir='ltr'>apost.</span> <span class='ocrx_word' id='word_1_294' title='bbox 889 2809 1028 2842; x_wconf 75' lang='lat' dir='ltr'>bullatae</span> <span class='ocrx_word' id='word_1_295' title='bbox 1047 2810 1206 2848; x_wconf 85' lang='lat' dir='ltr'>fuissent,</span> <span class='ocrx_word' id='word_1_296' title='bbox 1224 2811 1314 2851; x_wconf 85' lang='lat' dir='ltr'>apud</span> <span class='ocrx_word' id='word_1_297' title='bbox 1336 2810 1446 2841; x_wconf 90' lang='lat' dir='ltr'>eamd.</span> <span class='ocrx_word' id='word_1_298' title='bbox 1466 2810 1583 2841; x_wconf 80' lang='lat' dir='ltr'>sedem</span> <span class='ocrx_word' id='word_1_299' title='bbox 1600 2810 1696 2841; x_wconf 86' lang='lat' dir='ltr'>obiit.</span> <span class='ocrx_word' id='word_1_300' title='bbox 1713 2826 1750 2831; x_wconf 91' lang='lat'>—</span> <span class='ocrx_word' id='word_1_301' title='bbox 1771 2810 1798 2840; x_wconf 91' lang='lat' dir='ltr'>I.</span> <span class='ocrx_word' id='word_1_302' title='bbox 1815 2819 1845 2841; x_wconf 90' lang='lat' dir='ltr'>e.</span> <span class='ocrx_word' id='word_1_303' title='bbox 1861 2819 1906 2840; x_wconf 90' lang='lat' dir='ltr'>m.</span> <span class='ocrx_word' id='word_1_304' title='bbox 1928 2808 2005 2840; x_wconf 86' lang='lat' dir='ltr'>abb.</span> <span class='ocrx_word' id='word_1_305' title='bbox 2021 2811 2168 2841; x_wconf 83' lang='lat' dir='ltr'>monast.</span> <span class='ocrx_word' id='word_1_306' title='bbox 2188 2810 2270 2841; x_wconf 83' lang='lat' dir='ltr'>Stir-</span> 
     </span>
     <span class='ocr_line' id='line_1_39' title="bbox 657 2863 2269 2904; baseline 0.001 -10"><span class='ocrx_word' id='word_1_307' title='bbox 657 2871 747 2903; x_wconf 66' lang='lat' dir='ltr'>pen„</span> <span class='ocrx_word' id='word_1_308' title='bbox 766 2864 799 2895; x_wconf 83' lang='lat' dir='ltr'>et</span> <span class='ocrx_word' id='word_1_309' title='bbox 816 2863 943 2895; x_wconf 87' lang='lat' dir='ltr'>decano</span> <span class='ocrx_word' id='word_1_310' title='bbox 965 2863 1007 2895; x_wconf 89' lang='lat' dir='ltr'>de</span> <span class='ocrx_word' id='word_1_311' title='bbox 1026 2863 1176 2904; x_wconf 88' lang='lat' dir='ltr'>Capella,</span> <span class='ocrx_word' id='word_1_312' title='bbox 1201 2864 1417 2895; x_wconf 86' lang='lat' dir='ltr'>Lemovicen.</span> <span class='ocrx_word' id='word_1_313' title='bbox 1436 2864 1496 2901; x_wconf 65' lang='lat' dir='ltr'>di„</span> <span class='ocrx_word' id='word_1_314' title='bbox 1515 2873 1552 2895; x_wconf 89' lang='lat' dir='ltr'>ac</span> <span class='ocrx_word' id='word_1_315' title='bbox 1569 2872 1656 2903; x_wconf 86' lang='lat' dir='ltr'>mag.</span> <span class='ocrx_word' id='word_1_316' title='bbox 1680 2864 1782 2894; x_wconf 90' lang='lat' dir='ltr'>Petro</span> <span class='ocrx_word' id='word_1_317' title='bbox 1804 2863 1987 2900; x_wconf 76' lang='lat' dir='ltr'>placentis,</span> <span class='ocrx_word' id='word_1_318' title='bbox 2002 2871 2074 2893; x_wconf 86' lang='lat' dir='ltr'>can.</span> <span class='ocrx_word' id='word_1_319' title='bbox 2093 2863 2269 2895; x_wconf 82' lang='lat' dir='ltr'>Belvaeen.</span> 
     </span>
     <span class='ocr_line' id='line_1_40' title="bbox 658 2916 1302 2958; baseline 0.002 -10"><span class='ocrx_word' id='word_1_320' title='bbox 658 2916 739 2948; x_wconf 79' lang='lat' dir='ltr'>ecel.</span> <span class='ocrx_word' id='word_1_321' title='bbox 757 2917 811 2957; x_wconf 89' lang='lat' dir='ltr'>(A.</span> <span class='ocrx_word' id='word_1_322' title='bbox 830 2918 881 2954; x_wconf 78' lang='lat'>20,</span> <span class='ocrx_word' id='word_1_323' title='bbox 899 2917 921 2948; x_wconf 86' lang='lat' dir='ltr'>f.</span> <span class='ocrx_word' id='word_1_324' title='bbox 938 2919 976 2949; x_wconf 84' lang='lat'>75</span> <span class='ocrx_word' id='word_1_325' title='bbox 991 2923 1020 2955; x_wconf 72' lang='lat'>²3</span> <span class='ocrx_word' id='word_1_326' title='bbox 1043 2917 1079 2949; x_wconf 91' lang='lat' dir='ltr'>V.</span> <span class='ocrx_word' id='word_1_327' title='bbox 1100 2919 1150 2957; x_wconf 87' lang='lat'>76,</span> <span class='ocrx_word' id='word_1_328' title='bbox 1165 2926 1218 2958; x_wconf 90' lang='lat' dir='ltr'>ep.</span> <span class='ocrx_word' id='word_1_329' title='bbox 1237 2919 1302 2957; x_wconf 80' lang='lat'>67.)</span> 
     </span>
    </p>

    <p class='ocr_par' dir='ltr' id='par_1_19' title="bbox 660 2967 2272 3064">
     <span class='ocr_line' id='line_1_41' title="bbox 705 2967 2269 3012; baseline 0.002 -13"><span class='ocrx_word' id='word_1_330' title='bbox 705 2967 840 3000; x_wconf 90' lang='grc'>18203.</span> <span class='ocrx_word' id='word_1_331' title='bbox 861 2988 900 2993; x_wconf 90' lang='grc'>-</span> <span class='ocrx_word' id='word_1_332' title='bbox 915 2970 1094 3012; x_wconf 79' lang='lat' dir='ltr'>Stephanus</span> <span class='ocrx_word' id='word_1_333' title='bbox 1110 2971 1186 3002; x_wconf 88' lang='lat' dir='ltr'>abb.</span> <span class='ocrx_word' id='word_1_334' title='bbox 1207 2972 1353 3002; x_wconf 82' lang='lat' dir='ltr'>monast.</span> <span class='ocrx_word' id='word_1_335' title='bbox 1374 2979 1400 3001; x_wconf 90' lang='lat' dir='ltr'>s.</span> <span class='ocrx_word' id='word_1_336' title='bbox 1419 2970 1623 3002; x_wconf 85' lang='lat' dir='ltr'>Columhani</span> <span class='ocrx_word' id='word_1_337' title='bbox 1640 2969 1795 3006; x_wconf 88' lang='lat' dir='ltr'>Bobien.,</span> <span class='ocrx_word' id='word_1_338' title='bbox 1812 2969 1850 3001; x_wconf 93' lang='lat' dir='ltr'>O.</span> <span class='ocrx_word' id='word_1_339' title='bbox 1863 2970 1897 3001; x_wconf 89' lang='lat' dir='ltr'>S.</span> <span class='ocrx_word' id='word_1_340' title='bbox 1914 2969 2012 3006; x_wconf 80' lang='lat' dir='ltr'>B.,fit</span> <span class='ocrx_word' id='word_1_341' title='bbox 2030 2968 2106 3000; x_wconf 90' lang='lat' dir='ltr'>abb.</span> <span class='ocrx_word' id='word_1_342' title='bbox 2124 2971 2269 3002; x_wconf 84' lang='lat' dir='ltr'>monast.</span> 
     </span>
     <span class='ocr_line' id='line_1_42' title="bbox 660 3022 2272 3064; baseline 0 -9"><span class='ocrx_word' id='word_1_343' title='bbox 660 3032 690 3055; x_wconf 92' lang='lat' dir='ltr'>s.</span> <span class='ocrx_word' id='word_1_344' title='bbox 705 3024 823 3055; x_wconf 86' lang='lat' dir='ltr'>Savini</span> <span class='ocrx_word' id='word_1_345' title='bbox 850 3024 1054 3062; x_wconf 64' lang='lat' dir='ltr'>placentin„</span> <span class='ocrx_word' id='word_1_346' title='bbox 1072 3025 1154 3056; x_wconf 79' lang='lat' dir='ltr'>dieti</span> <span class='ocrx_word' id='word_1_347' title='bbox 1171 3024 1257 3061; x_wconf 88' lang='lat' dir='ltr'>ord.,</span> <span class='ocrx_word' id='word_1_348' title='bbox 1278 3024 1312 3055; x_wconf 91' lang='lat' dir='ltr'>in</span> <span class='ocrx_word' id='word_1_349' title='bbox 1329 3033 1395 3064; x_wconf 93' lang='lat' dir='ltr'>quo</span> <span class='ocrx_word' id='word_1_350' title='bbox 1419 3025 1498 3064; x_wconf 82' lang='lat' dir='ltr'>post</span> <span class='ocrx_word' id='word_1_351' title='bbox 1520 3023 1650 3055; x_wconf 86' lang='lat' dir='ltr'>obitum</span> <span class='ocrx_word' id='word_1_352' title='bbox 1674 3023 1817 3054; x_wconf 84' lang='lat' dir='ltr'>Anroldi</span> <span class='ocrx_word' id='word_1_353' title='bbox 1840 3022 1965 3062; x_wconf 88' lang='lat' dir='ltr'>quond.</span> <span class='ocrx_word' id='word_1_354' title='bbox 1983 3022 2094 3054; x_wconf 88' lang='lat' dir='ltr'>Guido</span> <span class='ocrx_word' id='word_1_355' title='bbox 2113 3022 2154 3054; x_wconf 86' lang='lat' dir='ltr'>de</span> <span class='ocrx_word' id='word_1_356' title='bbox 2178 3023 2272 3055; x_wconf 87' lang='lat' dir='ltr'>Pele-</span> 
     </span>
    </p>
   </div>
   <div class='ocr_carea' id='block_1_15' title="bbox 375 3075 2126 3104">
    <p class='ocr_par' dir='ltr' id='par_1_20' title="bbox 375 3075 2126 3104">
     <span class='ocr_line' id='line_1_43' title="bbox 375 3075 2126 3104; baseline 0.003 -2"><span class='ocrx_word' id='word_1_357' title='bbox 375 3075 521 3103; x_wconf 78' lang='lat' dir='ltr'>JoANMs</span> <span class='ocrx_word' id='word_1_358' title='bbox 541 3076 625 3104; x_wconf 83' lang='lat' dir='ltr'>xxu.</span> <span class='ocrx_word' id='word_1_359' title='bbox 648 3094 681 3100; x_wconf 94' lang='lat'><strong>—</strong></span> <span class='ocrx_word' id='word_1_360' title='bbox 695 3077 726 3104; x_wconf 85' lang='lat' dir='ltr'>T.</span> <span class='ocrx_word' id='word_1_361' title='bbox 751 3077 784 3104; x_wconf 92' lang='lat' dir='ltr'>V.</span> <span class='ocrx_word' id='word_1_362' title='bbox 2111 3075 2126 3103; x_wconf 82' lang='grc'>1</span> 
     </span>
    </p>
   </div>
  </div>
 </body>
</html>
