2592 3562
1453 0 1473 8 '²
1489 0 2024 27 ‘2‘'j·1*c.‘”³2“⁶.1231(=·ff·471·5²{⁷3³”2·?*rs'gn-:⁸32
2054 4 2102 24 gy.-
2116 4 2127 19 ⁵«-
2162 3 2268 29 ...lp-,4
2292 15 2294 19 ψ
2318 9 2343 36 ,ὶῂ

332 335 392 365 454
581 331 835 365 APPENDICES
856 332 913 364 Al)
935 331 1081 364 NONUM
1103 331 1299 364 BULLARII
1320 332 1496 365 JOANNIS
1517 332 1607 364 XXII
1630 332 1790 365 ANNUM.
1814 350 1853 357 -
1874 334 2114 375 (1316-1884)

414 525 432 554 8
450 533 512 561 apr.
534 525 623 553 1323.

414 792 431 820 3
446 792 515 827 jun.
535 791 622 820 1325.

405 1115 442 1143 16
456 1115 523 1149 jun.
546 1114 633 1142 1325.

433 1160 493 1187 Ind.
514 1159 600 1186 vnl⁸.

363 1543 405 1570 22
420 1542 500 1578 jum,
522 1541 596 1569 vnla
613 1541 672 1569 ind.

464 1587 576 1621 [1325]

366 1704 405 1732 22
418 1703 500 1739 julii,
521 1702 595 1730 vm·
616 1702 673 1730 ind.

464 1748 578 1782 [1325]

368 1918 406 1946 12
425 1926 502 1952 aua.⁷
524 1916 600 1943 Vlll⁸
618 1915 676 1943 ind.

466 1960 578 1995 [1325].

385 2132 446 2160 Iud.
465 2131 551 2164 V111·‚
570 2131 660 2159 4325.

421 2979 439 3007 9
457 2983 527 3015 sept.
545 2978 635 3007 4324.

807 522 947 555 23172.
964 543 1002 548 -
1020 525 1183 557 Instrum.
1207 534 1274 566 quo
1301 526 1444 558 testatur
1466 535 1569 568 ep.um
1590 524 1788 567 Muqalonen.
1811 534 1887 558 esse
1908 525 1944 557 in
1966 526 2185 567 possessione
2207 535 2367 568 quarum·

762 579 840 610 dam
856 578 1081 610 furcarum'in
1100 579 1248 619 quodam
1268 580 1380 611 monte
1402 587 1508 619 prope
1531 587 1688 611 mansum
1706 579 1747 611 de
1768 579 1943 620 Anglariis
1955 587 2060 620 prope
2072 579 2314 621 Breyssacum,
2331 581 2368 614 in

763 631 888 672 quibus
915 633 1033 672 gentes
1057 640 1127 664 suae
1156 632 1407 672 suspenderunt
1433 640 1539 664 unum
1569 631 1759 669 hominem3
1791 631 1827 664 in
1850 641 1918 664 uno
1941 633 2056 664 autem
2082 633 2188 665 latere
2213 634 2367 666 earum&

762 685 944 726 quemdam
961 685 1120 716 baculum
1137 685 1269 725 regium
1291 685 1327 717 in
1343 685 1479 726 signum
1505 684 1752 726 salvaguardiae
1769 685 1882 726 regiae,
1899 693 1960 726 pro
1975 685 2066 718 dicto
2080 694 2170 727 ep.o,
2187 685 2312 719 Petrus
2325 687 2367 720 de

762 739 947 776 Flandriis‚
964 739 1118 770 serviens
1133 739 1247 779 regius
1264 739 1578 779 Montispessulani,
1598 739 1770 779 posuerat.

807 789 947 822 23173.
962 810 1000 815 —
1023 792 1186 823 Instrum.
1209 791 1383 832 publicum
1399 801 1465 832 quo
1483 793 1614 824 constat
1632 792 1779 832 Lippum
1797 792 1982 828 Catenacii,
1997 794 2220 825 mercatorem
2237 793 2278 825 de
2292 793 2364 826 Pis·

762 845 849 877 torio
865 847 897 878 et
913 847 1165 885 procuratorem
1182 845 1339 886 Hugonis
1362 845 1480 884 Bovis,
1502 845 1660 877 Marchiae
1682 845 1884 878 Anconitan.
1906 845 2123 884 thesaurarii,
2136 846 2237 887 Juxta
2253 845 2370 878 mand.

763 899 829 931 eid.
847 899 984 939 Hugoni
1001 907 1060 938 per
1077 898 1276 930 Pontificem
1290 899 1457 931 directum
1471 909 1490 930 x
1505 898 1573 930 kal.
1593 899 1664 930 dec.
1683 907 1771 930 anno
1784 899 1846 930 IX·
1865 899 2006 939 petiisse
2018 900 2052 931 et
2065 899 2237 940 recepisse
2253 908 2273 931 a
2286 899 2366 932 Ful-

763 961 845 984 cone
857 952 897 984 de
916 952 1035 992 Popia,
1052 951 1246 992 Campaniae
1260 952 1507 992 Maritimaeque
1522 952 1687 988 thesaur„
1703 952 1768 984 eta
1781 951 1927 985 Geraldo
1944 952 1985 984 de
2000 952 2111 992 Valle,
2128 952 2280 985 earumd·
2291 961 2370 994 pro·

763 1006 954 1037 vinciarum
968 1006 1110 1043 rectore,
1126 1005 1307 1046 pecuniam
1329 1005 1468 1037 decimae
1491 1005 1672 1037 triennalis
1688 1005 1723 1037 in
1739 1005 1840 1037 dictis
1859 1005 2046 1046 provinciis
2059 1006 2248 1039 collectam.
2265 1005 2366 1048 (Oria.

762 1059 865 1100 perq.)

809 1109 944 1141 23174.
964 1129 1002 1136 -
1020 1111 1170 1143 Canonici
1185 1111 1259 1143 eccl.
1278 1111 1402 1147 Meton„
1417 1112 1453 1143 in
1470 1112 1656 1152 capitulum
1667 1113 1854 1150 convocati,
1871 1114 2008 1153 paratos
2024 1120 2061 1144 se
2077 1113 2225 1145 offerunt
2241 1112 2374 1146 obtem-

764 1174 882 1206 perare
906 1167 1033 1197 statuto
1057 1165 1165 1206 ejusd.
1189 1165 1269 1197 eccl.
1289 1165 1477 1198 secundum
1495 1165 1596 1206 quod,
1616 1165 1647 1197 si
1669 1166 1779 1206 aliqui
1806 1173 1878 1197 can.
1896 1166 2054 1198 amittant
2074 1166 2207 1198 fructus
2230 1174 2370 1207 grossos

764 1219 1023 1260 praebendarum
1045 1227 1186 1250 suarum
1213 1218 1389 1250 occasione
1407 1227 1537 1259 guerrae
1554 1219 1760 1257 communis,
1783 1219 1972 1260 capitulum
1996 1219 2083 1252 eisd.
2106 1210 2375 1260 depredatisre·

765 1273 1077 1312 compensationem
1089 1272 1242 1304 concedit
1259 1281 1367 1312 usque
1380 1272 1422 1303 ad
1437 1280 1607 1304 summam
1627 1273 1667 1304 20
1683 1272 1746 1304 lib.
1762 1273 1887 1304 Meten.
1902 1272 2119 1305 denariorum
2127 1283 2137 1310 ;
2153 1281 2243 1305 nunc
2256 1273 2370 1306 autem

765 1326 941 1358 occasione
967 1334 1096 1365 guerrae
1117 1325 1206 1356 inter
1221 1325 1431 1365 archiep.um
1452 1325 1648 1362 Treveren.,
1665 1334 1779 1366 regem
1803 1325 1984 1364 Bohemiae,
2004 1326 2126 1358 ducem
2143 1325 2374 1367 Lotharingiae

765 1380 797 1411 et
811 1379 969 1410 comitem
986 1379 1200 1416 Barrensem,
1213 1387 1256 1410 ex
1270 1387 1350 1416 una,
1361 1380 1393 1410 et
1409 1378 1501 1410 cives
1517 1378 1656 1416 Meten„
1667 1387 1710 1411 ex
1725 1379 1833 1410 altera
1845 1380 1953 1419 parte,
1970 1379 2071 1411 multi
2089 1379 2129 1412 de
2145 1387 2219 1411 can.
2230 1378 2373 1416 Meton..

764 1441 873 1472 usque
890 1432 932 1463 ad
953 1440 1124 1463 summam
1143 1432 1202 1463 100
1216 1431 1276 1463 lib.
1293 1433 1429 1468 meten„
1447 1431 1579 1463 fructus
1601 1440 1740 1472 grossos
1756 1431 1859 1471 praeh.
1880 1440 2021 1464 suarum
2044 1432 2247 1464 amiserunt.
2267 1431 2370 1474 (or-iq.

763 1487 864 1526 pera)

810 1536 949 1569 23175.
974 1555 1011 1561 —
1031 1539 1194 1570 Instrum.
1221 1547 1288 1579 quo
1310 1540 1442 1570 constat
1462 1538 1655 1574 Riccardum‚
1675 1538 1870 1580 Tropiensem
1887 1548 2002 1580 ep.um,
2027 1539 2200 1579 recepisse
2216 1538 2259 1571 ab
2275 1539 2371 1580 Inge·
2425 1534 2429 1539 ⁴
2495 1544 2502 1551 ⁶

767 1601 873 1630 ramo,
889 1592 1059 1632 archiep.o
1073 1592 1246 1632 Capuano,
1263 1592 1330 1624 litt.
1347 1593 1457 1632 apost.
1472 1592 1684 1624 continentes
1695 1601 1878 1632 processus
1891 1593 2008 1624 contra
2021 1592 2236 1624 Ludovicum
2250 1592 2372 1625 ducem

767 1646 932 1677 Bavariae.
946 1645 1046 1686 (Or-iq.
1058 1650 1229 1676 cartaceum
1245 1656 1311 1676 cum
1325 1645 1427 1686 siqillo
1438 1646 1503 1686 ep.i
1516 1645 1692 1687 Tropiensis
1708 1650 1794 1686 terqo
1805 1646 1951 1687 impresso
1967 1650 1996 1676 et
2010 1646 2076 1686 fere
2091 1645 2231 1677 totaliter
2244 1644 2372 1685 deleto.)

812 1696 949 1729 23176.
970 1716 1009 1722 —
1026 1699 1189 1731 Instrum.
1200 1708 1267 1739 quo
1282 1700 1414 1731 constat
1431 1698 1616 1737 Rolandum,
1629 1709 1731 1740 ep.um
1740 1699 1923 1739 Leucadem,
1938 1699 2110 1740 recepisse
2125 1698 2167 1730 ab
2179 1699 2373 1740 Ingeramo,

768 1753 938 1792 archiep.o
960 1753 1133 1792 capuano,
1153 1753 1284 1784 litteras
1308 1754 1418 1793 apost.
1442 1753 1655 1785 continentes
1678 1761 1860 1792 processus
1881 1753 1999 1784 contra
2017 1752 2231 1785 Ludovicum
2251 1751 2374 1784 ducem

767 1807 930 1838 Bavariae.
949 1805 1050 1847 (Or-iq.
1068 1811 1240 1837 cartaceum
1256 1816 1322 1837 cum
1339 1805 1440 1848 sigillo
1454 1806 1600 1847 praedicti
1613 1805 1747 1837 Rolandz·
1761 1806 1797 1837 de
1810 1816 1879 1837 cera
1894 1805 2002 1843 viridi,
2017 1805 2070 1837 sed
2083 1805 2154 1847 fere
2171 1804 2309 1837 totaliter
2321 1803 2377 1836 de-

769 1860 854 1899 leto.)
1974 1883 1976 1885 »
2023 1860 2026 1863 ”

813 1911 951 1943 23177.
965 1931 1004 1936 -
1026 1913 1189 1944 Instrum.
1216 1921 1283 1953 quo
1308 1913 1441 1945 constat
1465 1913 1657 1948 Nicolaum,
1681 1921 1796 1953 ep.um
1820 1912 2030 1950 Rubensem,
2049 1912 2223 1952 recepisse
2238 1912 2380 1944 litteras.

769 1969 877 2007 apost.
905 1966 1117 1998 continentes
1144 1974 1326 2006 processus
1351 1967 1468 1998 contra
1485 1966 1693 1998 Ludovicum
1717 1966 1838 1998 ducem
1862 1966 2029 2003 Bavariae,
2046 1966 2102 2006 (D.
2121 1966 2190 1998 Α...
2207 1974 2238 1997 a.
2252 1964 2387 2005 vl11·),.1

769 2029 854 2060 quas
877 2019 944 2060 ipsi
969 2019 1065 2051 misit
1090 2019 1325 2060 Ingueramus,
1349 2019 1542 2059 archiep.us
1564 2019 1729 2059 Capuan„
1748 2020 1838 2060 regis
1861 2019 1988 2051 Siciliae
2012 2018 2251 2052 cancellarius.
2271 2017 2373 2059 (Oriq.

769 2078 940 2104 cartae-eum
956 2083 1020 2103 cum
1036 2072 1141 2113 siqillo
1157 2072 1234 2104 dicti
1248 2072 1375 2104 Nicolai
1390 2072 1427 2104 de
1442 2082 1511 2103 cera
1528 2072 1652 2112 viridi.)

813 2124 951 2156 23178.
969 2144 1008 2149 —
1030 2126 1220 2158 Publicatio
1242 2135 1466 2167 processuum
1483 2128 1600 2158 contra
1618 2126 1708 2157 filios
1725 2126 1860 2166 Mathaei
1883 2126 1924 2157 de
1947 2125 2220 2158 vicecomitibus
2245 2124 2288 2157 de
2304 2119 2380 2157 He-

769 2180 917 2218 diolano,
934 2180 969 2211 in
987 2180 1107 2220 majori
1124 2180 1405 2221 archiepiscopali
1421 2180 1501 2212 eccl.
1520 2180 1747 2211 Beneventan.
1764 2179 1866 2220 (θήρ.
1883 2189 1973 2221 per-q.
1988 2180 2146 2220 parvum.)

1507 2572 1638 2624 ΙΙΙ

771 2700 999 2733 Instrumenta
1025 2697 1170 2733 archivii
1195 2697 1309 2732 Castri
1332 2698 1455 2732 Sancti
1482 2696 1612 2742 Anqeli
1640 2696 1725 2730 armi
1747 2695 1833 2730 noni
1854 2695 2085 2742 pontificatus
2109 2694 2252 2730 Joannis
2278 2695 2384 2728 XXII

1157 2774 1262 2815 prout
1280 2768 1317 2802 in
1336 2767 1496 2802 armariis
1514 2767 1668 2813 ejusdem
1687 2766 1836 2802 archivii
1845 2767 1980 2812 jacent.

817 2973 955 3008 23179.
976 2994 1013 3000 -
1030 2976 1194 3007 Instrum.
1213 2973 1456 3015 publicationis
1471 2980 1694 3013 processuum
1707 2973 1825 3004 contra
1837 2971 2048 3004 Ludovicum
2064 2972 2234 3004 Bavarum
2248 2970 2285 3002 in
2301 2979 2376 3003 ma-

771 3031 838 3071 jori
854 3030 936 3063 eccl.
952 3028 1200 3062 Tortiborensi.
1216 3026 1373 3067 (Ar-mario
1388 3026 1425 3065 C,
1437 3026 1517 3067 fasc.
1536 3028 1587 3062 53,
1604 3036 1637 3056 n.
1659 3027 1712 3062 14;
1728 3025 1835 3066 perq.)
