2592 3562
363 711 1021 819 JOANNIS
1113 713 1536 812 PAPAE
1628 715 1963 814 XXII

187 1651 290 1679 Datum
309 1644 495 1679 Avenione.

182 1753 201 1781 5
215 1753 307 1790 (non.)
321 1756 391 1788 sept.
409 1751 497 1780 4323.

302 1912 338 1940 Ut.
358 1921 381 1940 e.

169 2073 187 2101 8
206 2075 249 2109 (vx
267 2073 321 2109 id.)
337 2080 400 2101 nov.
422 2072 509 2100 1323.

192 2234 206 2261 1
233 2232 292 2260 kal.
323 2232 381 2260 dec.
401 2231 488 2260 4323.
550 2232 552 2247 Ι

223 2234 232 2268 <
299 2233 308 2268 )
550 2297 552 2307 ·
582 2285 670 2316 serat
687 2284 762 2324 capi
777 2283 878 2314 faciat
897 2284 930 2314 et
948 2282 990 2314 ad
1007 2282 1047 2313 A.
1071 2282 1106 2314 S.
1123 2281 1186 2313 sub
1202 2281 1270 2312 fida
1285 2281 1439 2313 custodia
1456 2281 1616 2313 destinet.
1632 2281 1687 2322 (V.
1706 2283 1755 2320 76,
1772 2290 1824 2322 ep.
1839 2284 1869 2319 6,
1886 2282 1923 2313 de
1938 2283 2024 2313 curia
2034 2292 2044 2319 3
2062 2284 2174 2320 Brom,

227 2392 263 2421 17
281 2393 339 2420 dec.
360 2392 448 2420 1323.

226 2439 288 2472 (xv1
303 2437 361 2465 kal.
379 2437 454 2473 jan.)

194 2553 208 2579 1
224 2552 307 2589 (kal.)
318 2552 385 2587 J'an.
401 2551 488 2580 4324.

233 2765 269 2794 17
281 2765 347 2800 J'an.
367 2765 456 2794 1324.

226 2811 290 2846 (xm
307 2809 367 2838 kal.
382 2809 456 2843 feb.)

228 2926 269 2955 28
282 2926 350 2954 maii
366 2925 455 2954 1324.
468 2955 472 2960 ,

247 2971 278 3006 (v
291 2970 351 2998 kal.
364 2969 441 3006 jun.)

976 898 1358 970 (1316-1334)

660 1115 1118 1190 LITTERAE
1183 1115 1310 1187 DE
1368 1112 1674 1187 CURIA

982 1435 1018 1483 Α
1035 1435 1076 1483 Ν
1095 1434 1136 1483 Ν
1156 1434 1165 1482 Ι
1224 1433 1263 1482 V
1280 1434 1290 1481 Ι
1307 1434 1315 1481 Ι
1335 1433 1344 1481 Ι

829 1534 866 1581 (5
888 1535 982 1582 sept.
1008 1532 1121 1571 1323
1140 1553 1191 1560 -
1211 1533 1238 1569 4
1258 1535 1350 1581 sept.
1373 1531 1501 1581 1324)

627 1749 638 1762 ’
660 1746 794 1779 20313.
812 1767 850 1772 -
869 1748 1093 1781 Confirmatur
1108 1747 1306 1780 constitutio
1322 1747 1456 1779 Nicolai
1479 1748 1578 1787 Papae
1603 1748 1651 1780 IV
1671 1749 1788 1780 contra
1813 1748 2003 1781 deferentes
2030 1758 2123 1781 arma
2142 1752 2174 1782 et

582 1803 649 1835 alia
664 1801 884 1834 mercimonia
896 1802 930 1833 in
948 1801 1190 1834 Alexandriam
1205 1801 1259 1832 vel
1275 1800 1342 1831 alia
1356 1801 1430 1832 loca
1444 1800 1707 1832 Sarracenorum
1720 1803 1818 1833 terrae'
1829 1802 1981 1842 AEgypti.
1994 1812 2010 1833 «
2024 1803 2174 1840 Quosdam

582 1855 755 1888 damnande
768 1855 988 1896 cupiditatis...
1007 1864 1023 1885 i)
1038 1854 1092 1895 (V.
1110 1856 1159 1889 76,
1180 1863 1233 1894 ep.
1252 1856 1280 1891 1,
1300 1853 1337 1884 de
1352 1855 1431 1892 cur.)

627 1907 765 1939 20314.
781 1927 820 1932 -
834 1908 1037 1944 patriarchis,
1057 1907 1225 1948 archiepis
1240 1912 1269 1938 et
1285 1907 1363 1947 ep.is
1376 1907 1417 1939 ad
1435 1917 1509 1948 quos
1521 1912 1684 1948 praesentes
1701 1908 1763 1939 litt.
1782 1909 1981 1949 pervenerint
2000 1910 2112 1941 mand.
2138 1911 2175 1941 ut

581 1964 647 1995 litt.
671 1964 780 2004 apost.
808 1971 910 2003 super
934 1962 1094 2002 praedicta
1128 1961 1383 1993 confirmatione
1408 1961 1577 1992 confectas
1606 1961 1803 1993 solemniter
1831 1962 2016 2002 publicent.
2044 1962 2095 2004 (V.
2124 1965 2174 2001 76,

582 2026 634 2058 ep.
651 2019 681 2055 2,
702 2016 739 2047 de
756 2016 836 2056 cur.)

626 2067 762 2099 20315.
778 2087 817 2092 -
834 2069 918 2110 Ep.o
933 2067 1064 2099 Iler-den.
1089 2073 1118 2099 et
1140 2068 1318 2108 inquisitori
1336 2067 1482 2097 haereticae
1495 2068 1665 2108 pravitatis
1689 2068 1721 2098 in
1733 2068 1877 2109 partibus
1893 2070 1980 2110 reqni
1995 2069 2174 2110 Araqonum

580 2133 637 2166 per
654 2123 690 2154 S.
708 2124 748 2155 A.
766 2122 910 2164 deputato
927 2121 1040 2153 mand.
1056 2123 1093 2153 ut
1110 2121 1283 2153 remittant
1299 2121 1340 2152 ad
1354 2121 1591 2161 inquisitorem
1609 2122 1850 2153 carcassonen.
1868 2123 2033 2162 quosdam
2047 2123 2175 2155 haereti-

582 2186 639 2210 cos
651 2178 692 2209 de
704 2176 879 2217 provincia
890 2176 1145 2210 Carmssonen„
1158 2183 1244 2215 quos
1260 2174 1412 2206 detinent
1427 2175 1552 2206 carceri
1568 2175 1779 2215 mancipatos
1794 2175 1849 2216 (V.
1867 2177 1917 2213 76,
1934 2184 1985 2216 ep.
2002 2177 2033 2212 4,
2050 2176 2086 2207 de
2097 2177 2175 2214 cur.)

625 2227 761 2259 20316.
779 2248 816 2254 -
831 2229 944 2261 Joanm'
959 2228 997 2259 el.
1012 2227 1183 2268 Trajecten.
1195 2227 1311 2259 mand.
1325 2229 1362 2259 ut
1375 2227 1532 2260 falsarios
1547 2228 1739 2259 litterarum
1754 2237 1839 2268 quas
1855 2229 1896 2260 ad
1911 2229 1950 2261 P.
1964 2229 2003 2261 P.
2015 2230 2175 2261 transmi-

581 2336 754 2369 Bullarium
772 2337 976 2378 Trajectense,
993 2336 1018 2367 t.
1033 2335 1061 2372 Ι,
1076 2344 1109 2375 p.
1126 2336 1198 2371 293,
1211 2343 1244 2366 n.
1261 2334 1348 2375 630.)

626 2388 764 2422 20317.
783 2408 822 2414 --
839 2389 1002 2422 Gaucelino
1018 2399 1043 2420 s.
1059 2399 1083 2420 s.
1097 2388 1270 2420 Marcellini
1286 2393 1315 2419 et
1325 2388 1414 2419 Petri
1427 2387 1528 2427 presb.
1542 2387 1630 2419 card.
1646 2387 1748 2419 facul.
1765 2388 2008 2420 solemnizandi
2025 2390 2174 2421 matrim.

581 2446 671 2477 inter
687 2453 720 2476 n.
737 2453 769 2476 v.
791 2444 931 2475 Petrum
948 2443 1111 2479 Duesam,
1127 2442 1360 2474 vicecomitem
1376 2441 1417 2473 de
1433 2441 1657 2478 Caramanno,
1674 2443 1705 2473 et
1720 2450 1754 2472 n.
1770 2450 1815 2473 m.
1835 2442 2018 2473 Briaudam
2036 2442 2076 2474 de
2091 2443 2174 2474 Asio

582 2498 845 2530 contrahendum
861 2495 1072 2536 temporibus
1085 2504 1104 2527 a
1113 2495 1189 2536 jure
1207 2494 1398 2534 prohibitis.
1418 2494 1471 2534 (V.
1492 2496 1541 2531 76,
1556 2503 1607 2534 ep.
1627 2496 1660 2529 8,
1677 2493 1713 2525 de
1731 2495 1811 2534 cur.)

627 2548 762 2580 20318.
779 2569 818 2574 -
837 2549 1038 2582 Annectitur
1054 2550 1088 2581 et
1105 2549 1221 2580 unitur
1236 2547 1466 2589 Jurisdictioni
1488 2547 1526 2579 E.
1544 2548 1586 2579 R.
1606 2555 1704 2579 omne
1724 2547 1781 2587 jus
1806 2547 1894 2587 quod
1916 2547 2040 2580 hahent
2057 2557 2174 2588 praep.,

583 2605 683 2645 capit.
701 2605 735 2636 et
747 2604 828 2636 eccl.
846 2603 1068 2639 Avenionen.,
1087 2602 1126 2635 O.
1143 2602 1177 2634 S.
1195 2602 1250 2640 A.²
1266 2601 1302 2632 in
1327 2600 1450 2632 castris
1472 2601 1512 2632 de
1534 2600 1765 2641 Pontesorgiae
1789 2602 1821 2632 et
1843 2600 1883 2632 de
1911 2601 2113 2641 Interaquis,
2132 2601 2174 2632 ad

582 2659 624 2691 R.
642 2658 681 2690 E.
702 2656 945 2698 spectantibus.
975 2655 1030 2696 (V.
1055 2657 1104 2694 76,
1130 2664 1182 2696 ep.
1211 2657 1242 2695 7,
1271 2654 1308 2685 de
1333 2663 1417 2694 cur.,·
1440 2653 1676 2694 Cocquelines,
1693 2653 1863 2684 Bullarium
1878 2653 2045 2684 Romanum
2062 2655 2086 2685 t.
2110 2654 2171 2691 111,

583 2720 663 2753 pars
676 2711 742 2749 11⁸,
758 2719 792 2751 p.
809 2710 894 2751 190.)

628 2761 765 2794 20319.
782 2781 821 2786 -
836 2762 996 2795 Guillelmo
1010 2772 1079 2804 ep.o
1097 2762 1260 2794 Catum-en.
1283 2769 1375 2793 conc.
1396 2761 1539 2792 facultas
1559 2759 1829 2800 solempnizandi
1854 2759 2000 2790 matrim.
2019 2760 2170 2798 tempore

584 2818 690 2858 ajure
706 2816 876 2858 prohibito
891 2815 1155 2848 contrahendum
1171 2815 1260 2847 inter
1278 2823 1311 2846 n.
1332 2823 1363 2846 v.
1382 2813 1606 2846 Guillelmum
1631 2813 1671 2845 de
1693 2812 1899 2845 Medullione
1922 2813 1954 2843 et
1974 2820 2006 2842 n.
2027 2819 2071 2842 m.
2094 2812 2171 2842 Ber·

583 2871 724 2904 nardam
738 2871 778 2902 de
793 2870 950 2911 Rogerio.
967 2868 1021 2910 (V.
1039 2871 1088 2908 76,
1105 2877 1157 2909 ep.
1175 2870 1206 2907 9,
1224 2867 1260 2900 de
1274 2868 1352 2907 cur.)

628 2921 763 2954 20320.
782 2941 821 2947 -
838 2922 1058 2958 Bartholomaeo
1070 2931 1140 2964 ep.o
1156 2921 1294 2953 Electen.
1308 2925 1336 2952 et
1347 2919 1508 2952 Bernardo
1520 2920 1727 2959 abb2monast.
1744 2918 1779 2950 de
1789 2928 1812 2948 s.
1829 2916 2008 2957 Theofredo,
2023 2916 2056 2948 Ο.
2069 2916 2105 2948 S.
2118 2916 2170 2954 B.,

583 2978 724 3009 Anicien.
743 2976 800 3014 di„
817 2977 857 3008 A.
873 2976 908 3008 S.
929 2976 1059 3011 nunciis,
1078 2975 1248 3006 indultum
1265 2973 1458 3006 celebrandi
1480 2973 1516 3004 in
1536 2973 1620 3014 locis
1636 2971 1814 3003 interdicto
1836 2969 2033 3009 suppositis.
2051 2969 2100 3007 (V.
2120 2971 2170 3007 76,

553 3033 556 3068 ξ
583 3040 636 3071 ep.
651 3031 691 3062 20
704 3031 745 3066 A,
762 3029 798 3061 de
815 3037 899 3065 cur.;
916 3029 1073 3066 Theiner,
1092 3027 1288 3062 Monumenta
1303 3026 1450 3057 historica
1465 3024 1615 3063 Polouiae,
1633 3025 1659 3055 t.
1675 3024 1701 3060 Ι,
1717 3032 1750 3063 p.
1770 3024 1839 3061 198,
1853 3031 1886 3053 n.
1902 3022 2090 3060 CCXCIX.)
