2592 3562
233 413 337 441 Datum
361 408 543 441 Avemone.

225 520 230 525 “
281 513 322 541 23
335 512 390 548 feb.
409 511 496 540 1325.

223 567 228 570 ·
263 560 318 592 (vu
333 558 392 586 kal.
412 555 515 588 mart.)

244 603 291 631 Gr.
306 610 358 638 pro
377 608 454 637 pers.
473 602 534 628 not.

353 725 389 752 Ut
403 733 426 752 s.

317 769 348 797 T.
369 768 464 796 XXIV.

353 937 388 966 Ut
407 946 431 966 s.

232 991 235 993 ·
283 983 315 1010 T.
335 983 392 1017 xx,
412 982 494 1010 xxn.

353 1310 390 1338 Ut
410 1318 433 1338 s.

305 1355 336 1382 Τ.
352 1355 398 1390 xl,
411 1354 489 1382 x111.

355 1841 392 1870 Ut
416 1849 441 1870 s.

238 1902 243 1906 ·
303 1887 335 1914 T.
349 1886 410 1921 XII,
423 1886 492 1914 XIV.

364 2162 400 2190 Ut
419 2170 443 2190 s,

294 2207 340 2239 ,Τ.
358 2207 405 2241 xl,
425 2206 496 2234 XIII.

360 2321 397 2350 Ut
416 2330 440 2350 s.

310 2366 343 2394 T.
360 2366 406 2401 XI,
419 2366 491 2394 XIII.

362 2428 397 2456 Ut
417 2436 441 2456 s.

310 2471 342 2500 Τ.
358 2471 405 2506 XI,
419 2471 491 2499 XIII.

361 2586 398 2614 Ut
416 2594 440 2613 s.

244 2645 250 2650 ·
307 2631 339 2658 T.
361 2630 408 2665 XI,
421 2630 493 2658 XIII.

362 2693 400 2722 Ut
418 2700 442 2722 s.

348 2737 378 2766 T.
395 2737 452 2765 XX.

599 318 772 349 JOANNIS
795 318 913 349 PAPAE
935 319 1036 349 XXII.
1061 321 1311 360 (1316-1334).
1330 338 1369 343 -—
1391 321 1576 352 LITTERAE
1599 322 1823 354 COMMUNES
2165 327 2224 357 315

675 507 815 539 21631.
833 527 871 532 -
888 509 971 551 May.
991 509 1177 550 Pandulpho
1202 510 1239 540 de
1261 510 1397 549 Sabello,
1414 520 1516 551 praep.
1534 512 1781 552 Chableyarum
1799 514 1833 545 in
1860 515 1939 546 6661.
1959 523 1987 546 6.
2006 515 2143 547 Martini
2161 517 2225 548 Tu-

632 572 763 600 ronen.,
785 564 884 607 Papae
910 563 1054 600 notario,
1078 563 1216 594 licentia
1230 564 1272 594 ad
1292 564 1494 595 instantiam
1515 565 1656 596 Roberti
1680 567 1768 606 regis
1788 567 1912 598 Siciliae
1928 577 2056 599 moram
2073 569 2227 600 trahendi

632 616 668 647 in
694 616 793 646 Italia
814 624 922 655 usque
946 617 986 646 ad
1003 624 1141 653 annum,
1159 625 1178 646 a
1193 616 1258 647 fine
1276 617 1419 648 alterius
1435 617 1580 649 ilcentiae
1597 619 1662 657 ipsi
1677 619 1746 659 jam
1770 628 1937 651 concessae
1952 622 2226 660 computandum.

634 668 824 708 (Cancellata
836 669 900 708 fuit
913 668 950 698 de
964 668 1068 699 mand.
1086 668 1354 708 vicecancellarii.)
1371 669 1424 710 (A.
1443 672 1493 708 22,
1517 671 1539 701 f.
1556 673 1616 702 412
1634 671 1662 708 ¹³;
1683 672 1718 703 V.
1735 674 1785 708 78,
1803 681 1854 711 ep.
1870 674 1956 713 792.)

626 737 632 743 -
678 719 815 751 21632.
835 739 873 744 -
889 722 1054 752 Laurentio
1081 721 1222 752 Roderici
1243 731 1333 753 mon.
1352 725 1498 754 monast.
1518 732 1545 754 s.
1567 725 1708 755 Joannis
1733 725 1773 756 de
1799 726 1959 763 Tarauna,
1982 727 2053 757 ord.
2073 727 2226 765 Cisterc.,

633 776 806 807 Lameten.
827 775 886 811 di.,
909 776 950 806 ad
967 783 1066 814 quem
1086 784 1127 806 ex
1146 775 1187 807 Ο.
1207 775 1246 806 F.
1263 775 1308 806 M.
1326 776 1497 814 transivit,
1521 777 1671 816 dispens.
1694 780 1730 808 ut
1753 787 1867 809 vocem
1890 780 1922 810 et
1947 779 2057 810 locum
2075 780 2109 810 in
2128 781 2226 820 capit.

632 828 766 865 habere,
791 829 823 859 et
846 829 887 859 ad
903 828 1086 868 dignitates
1109 837 1340 868 quascumque
1368 829 1439 860 ord.
1459 829 1613 866 Cisterc.,
1634 830 1715 860 citra
1738 832 1850 861 tamen
1877 831 2074 869 abbatiales,
2100 833 2228 864 assumi

633 881 756 918 valeat,
774 881 902 913 consid.
923 881 1086 920 Alphonsi
1103 881 1321 921 Portugalliae
1336 883 1369 912 et
1384 881 1539 921 Algarbii
1554 883 1655 922 regis.
1675 883 1726 921 (A.
1744 885 1793 918 22,
1809 884 1830 914 f.
1847 885 1904 915 351
1923 884 1952 921 ¹³3
1967 885 2002 916 V.
2020 886 2070 920 78,
2081 894 2133 924 ep.
2146 887 2229 924 797.)

679 931 815 963 21633.
833 953 869 957 -
887 933 1044 974 ΑΙρΙιοηεο
1063 933 1210 964 Gunsalvi
1225 943 1319 973 prov.
1339 943 1456 965 canon.
1473 935 1553 965 6661.
1570 935 1756 972 Lameten.,
1776 936 1838 966 sub
1857 945 1951 976 exsp.
1967 937 2083 976 praeb.‚
2101 939 2229 969 consid.

634 988 800 1019 Beatricis
817 988 941 1028 reginae
955 987 1189 1027 Portugalliae3
1207 996 1273 1018 non
1292 986 1377 1018 obst.
1397 987 1532 1026 paroch.
1549 988 1630 1020 6661.
1649 989 1685 1020 Β.
1704 989 1747 1019 M.
1768 989 1808 1020 de
1828 989 1934 1026 Saltu,
1954 990 2153 1021 Bracharen.
2171 991 2230 1028 di.,

635 1050 737 1082 quam
760 1042 836 1080 post
856 1041 1006 1080 dispens.
1030 1049 1133 1080 super
1151 1040 1284 1071 defectu
1302 1040 1467 1071 natalium
1485 1050 1588 1080 quem
1614 1042 1752 1080 patitur,
1771 1051 1847 1072 cum
1866 1043 1911 1074 sit
1928 1043 1967 1074 de
1993 1043 2078 1074 diac.
2098 1044 2232 1084 genitus

635 1096 668 1126 et
693 1094 816 1131 soluta,
836 1095 1015 1125 assecutus
1032 1094 1095 1129 est,
1115 1094 1148 1125 et
1174 1093 1380 1133 quibusdam
1401 1094 1646 1133 praestimoniis
1669 1096 1719 1131 (12
1742 1095 1814 1126 flor.
1834 1096 1921 1134 auri)
1939 1096 1973 1126 in
1991 1096 2035 1126 di.
2060 1097 2230 1135 Elboren.,

636 1157 709 1188 quae
730 1147 894 1179 beneficia
919 1147 1109 1178 ecclesiast.
1127 1155 1194 1178 non
1210 1147 1375 1178 existunt.
1391 1164 1430 1170 —
1445 1147 1473 1178 Ι.
1491 1156 1519 1178 e.
1538 1156 1583 1178 m.
1604 1147 1728 1178 decano
1745 1147 1917 1185 Elboren.,
1935 1150 1967 1180 et
1983 1150 2127 1181 Valaseo
2145 1151 2234 1181 Mar-

634 1201 710 1237 tini,
736 1200 957 1238 Ulixbonen„
985 1209 1022 1231 ao
1049 1200 1225 1240 Alphonso
1253 1200 1426 1238 Roderici,
1460 1200 1579 1232 Visen.
1610 1210 1682 1231 can.
1714 1201 1793 1232 6661.
1824 1202 1875 1240 (A.
1894 1203 1944 1239 22,
1961 1202 1984 1233 f.
2006 1203 2065 1233 413
2082 1202 2111 1240 l’;
2135 1202 2167 1233 V.
2184 1204 2233 1240 78,

591 1255 593 1257 '
636 1263 688 1295 ep.
706 1254 793 1294 801.)

682 1304 818 1341 21634,
836 1325 875 1330 -
891 1306 1056 1338 Francisco
1071 1306 1235 1344 Simeonis,
1254 1307 1336 1338 olim
1356 1306 1464 1338 famil.
1481 1307 1522 1337 61.
1540 1315 1606 1338 me.
1620 1307 1779 1347 Dionysii
1799 1308 2017 1348 Portugalliae
2035 1310 2067 1340 et
2082 1308 2235 1349 Algarbii

637 1361 739 1402 regis,
758 1369 852 1401 prov.
870 1369 987 1392 canon.
1013 1360 1094 1392 6661.
1119 1360 1259 1392 Aurien.
1283 1360 1346 1391 sub
1369 1368 1464 1400 exsp.
1482 1360 1586 1400 praeb.
1604 1362 1637 1391 et
1660 1361 1988 1400 praestimoniorum
2005 1371 2072 1393 non
2095 1362 2182 1393 obst.
2201 1362 2236 1393 in

639 1415 720 1446 6661.
737 1414 1084 1454 Portugalen.canon.
1099 1414 1131 1444 et
1148 1413 1263 1453 praeb.,
1277 1413 1373 1453 cujus
1390 1413 1540 1444 nondum
1554 1414 1808 1453 possessionem
1822 1416 1872 1446 est
1891 1415 2043 1454 adeptus,
2054 1417 2086 1446 et
2102 1415 2137 1446 in
2152 1415 2237 1446 Por-

637 1468 788 1508 tugalen.
805 1476 843 1499 ac
866 1467 1023 1498 Elboren.
1042 1467 1087 1498 di.
1108 1466 1312 1506 quibusdam
1335 1466 1579 1506 praestimoniis
1605 1467 1693 1506 (701.
1709 1467 1761 1506 1.).
1779 1484 1815 1489 -
1830 1468 1858 1498 Ι.
1878 1476 1907 1499 6.
1925 1476 1969 1498 m.
1987 1469 2132 1500 Valasco
2148 1469 2233 1499 Mar-

638 1521 714 1558 tini,
733 1520 952 1555 Ulixbonen.‚
972 1521 1004 1551 et
1021 1520 1148 1551 Didaco
1163 1519 1323 1557 Gometii,
1343 1528 1380 1550 ac
1395 1519 1641 1551 Bartholomaeo
1657 1520 1830 1559 Stephani,
1848 1521 2048 1553 Bracharen.
2065 1530 2135 1552 can.
2155 1521 2235 1553 6661.

641 1574 693 1613 (Α.
711 1576 761 1611 22,
785 1574 809 1605 f.
822 1575 881 1604 413
897 1573 927 1611 h;
950 1573 984 1604 V.
1005 1574 1054 1610 78,
1071 1582 1123 1613 ep.
1140 1574 1224 1611 802.)

685 1624 820 1657 21635.
835 1646 872 1650 -
888 1626 981 1657 Petro
997 1626 1126 1657 Martini
1139 1626 1248 1667 gratia
1266 1634 1362 1666 exsp.
1376 1625 1487 1657 benef.
1504 1635 1530 1657 c.
1548 1635 1576 1657 6.
1593 1626 1647 1657 vei
1665 1635 1693 1657 s.
1710 1635 1738 1657 6.
1755 1627 1790 1657 in
1806 1627 1898 1658 civit.
1917 1628 1950 1658 et
1963 1627 2008 1658 di.
2021 1627 2179 1659 Elboren.
2195 1629 2237 1659 ad

641 1681 751 1713 collat.
779 1680 846 1720 ep.i
863 1681 895 1711 et
920 1680 1020 1720 capit.
1045 1679 1222 1715 Elboren.,
1247 1688 1313 1710 non
1333 1678 1420 1711 obst.
1449 1687 1566 1710 canon.
1585 1681 1618 1710 et
1641 1681 1743 1718 praet).
1762 1680 1842 1711 6661.
1862 1681 2033 1711 Lameten.
2048 1697 2085 1702 —
2100 1681 2124 1711 I.
2143 1689 2172 1711 e.
2190 1689 2234 1711 m.

640 1743 717 1775 ep.o
732 1735 920 1769 Lameten.,
940 1734 972 1765 et
987 1733 1133 1765 Valasco
1149 1732 1298 1768 Martini,
1316 1731 1537 1770 Ulixbonen.‚
1550 1741 1587 1763 36
1599 1732 1756 1764 Michaeli
1774 1733 1878 1770 Vivae,
1896 1733 2055 1764 Elboren.
2069 1742 2141 1764 can.
2155 1734 2235 1765 6661.

641 1787 693 1828 (A.
713 1788 764 1823 22,
780 1787 803 1818 f.
817 1787 878 1819 440
893 1786 922 1823 ὓ,
945 1786 978 1817 V.
995 1788 1045 1824 78,
1065 1795 1117 1826 ep.
1135 1786 1221 1827 820.)

686 1837 823 1870 21636.
841 1858 879 1863 -
901 1840 1059 1871 Vincentio
1084 1838 1239 1880 Alphonsi
1259 1839 1367 1879 gratia
1385 1847 1480 1878 exsp.
1505 1839 1609 1878 dign„
1627 1839 1829 1878 personatus
1853 1839 1908 1870 vel
1922 1840 1975 1870 off.
1997 1849 2023 1871 6.
2043 1849 2070 1870 c.
2089 1840 2142 1871 vel
2165 1848 2192 1870 s.
2207 1848 2235 1870 6.

641 1894 722 1926 6661.
741 1892 946 1925 Ulixbonen.
973 1892 1070 1932 cujus
1087 1892 1204 1924 existit
1225 1901 1311 1930 can„
1331 1892 1459 1923 consid.
1479 1892 1646 1931 Alphonsi
1669 1892 1759 1932 regis
1779 1894 1811 1923 et
1835 1892 2022 1930 Elisabeth,
2039 1893 2134 1932 cujus
2156 1893 2236 1924 cler.

641 1947 772 1984 existit,
786 1946 971 1986 genitricis,
990 1955 1027 1977 ac
1042 1946 1220 1983 Beatricis,
1235 1945 1402 1977 consortis
1421 1945 1529 1985 ejusd.
1544 1945 1646 1985 regis,
1663 1945 1881 1984 Portugalliae
1894 1947 1926 1976 et
1941 1945 2094 1985 Algarbii
2107 1946 2238 1985 regina-

641 2009 716 2032 rum
724 2009 733 2036 3
755 1999 935 2030 archidiac.
952 2007 1032 2030 vero
1052 1998 1133 2030 eccl.
1158 1997 1402 2035 Columbrien.,
1419 1997 1515 2037 qu'us
1534 2007 1606 2029 can.
1631 1997 1776 2037 praeben.
1804 1999 1934 2036 existit,
1952 1998 2122 2030 dimittere
2146 2000 2238 2030 tene-

641 2055 706 2085 tur.
722 2071 760 2076 —-
778 2053 805 2084 I.
822 2062 851 2084 e.
871 2061 916 2083 m.
936 2052 1062 2084 decano
1082 2051 1254 2089 Elboren.,
1276 2052 1309 2083 et
1326 2051 1546 2088 Ulixbonen„
1564 2060 1601 2082 36
1616 2051 1735 2083 Visen.
1756 2052 1843 2083 cant.
1860 2052 1940 2083 eccl.
1958 2052 2009 2090 (A.
2030 2053 2079 2087 22,
2094 2052 2116 2082 f.
2140 2053 2236 2087 353⁸,

646 2106 680 2138 V.
695 2108 745 2143 78,
764 2115 817 2145 ep.
834 2105 919 2144 830.)

686 2157 822 2189 21637.
841 2176 879 2181 --
891 2159 1019 2196 loanni,
1037 2163 1109 2189 nato
1131 2157 1286 2188 Friderici
1299 2157 1335 2188 de
1360 2157 1486 2188 Bulowe
1509 2157 1585 2196 mil.,
1603 2167 1697 2198 prov.
1714 2166 1831 2189 canon.
1850 2158 1913 2189 sub
1930 2166 2024 2197 exsp.
2038 2158 2141 2198 praeb.
2159 2158 2239 2189 6661.

642 2214 830 2246 Zwerinen.
849 2231 886 2236 —
906 2213 933 2244 Ι.
950 2222 979 2244 6.
997 2221 1041 2243 m.
1059 2211 1230 2251 archiep.o
1249 2212 1419 2248 momen„
1436 2213 1469 2243 et
1487 2211 1561 2242 abb.
1583 2213 1727 2243 monast.
1745 2212 1786 2242 de
1801 2211 2028 2251 Novocampo,
2052 2211 2239 2243 Zwerinen.

642 2267 703 2302 di.,
719 2275 756 2297 ao
768 2266 906 2298 scolast.
921 2265 1002 2297 6661.
1021 2265 1183 2296 Lubioen.
1198 2265 1251 2304 (A.
1269 2266 1320 2302 22,
1338 2264 1362 2295 f.
1379 2266 1439 2296 453
1455 2264 1484 2300 ¹³3
1508 2264 1542 2296 V.
1558 2265 1607 2302 78,
1625 2273 1677 2304 ep.
1692 2266 1777 2304 896.)

688 2316 822 2348 21638.
841 2336 879 2342 —-
895 2318 1021 2354 Joanni,
1038 2322 1110 2348 nato
1132 2317 1316 2358 Reymberni
1331 2316 1367 2347 de
1389 2317 1491 2348 Plesse
1511 2317 1590 2355 mil„
1610 2318 1683 2349 ead.
1700 2318 1809 2358 gratia
1833 2318 1868 2348 in
1892 2318 1971 2349 6661.
1990 2317 2241 2349 Hammenbur-

643 2381 732 2413 gen„
746 2373 902 2404 Bremen.
919 2371 964 2402 di.
982 2389 1020 2395 —
1035 2371 1061 2402 Ι.
1078 2380 1106 2403 6.
1123 2379 1170 2402 m.
1187 2372 1224 2402 ut
1238 2379 1279 2408 s.‚
1294 2379 1327 2401 n.
1345 2371 1460 2402 21626.
1479 2370 1529 2410 (Α.
1548 2372 1598 2407 22,
1617 2371 1639 2402 f.
1655 2373 1716 2403 454
1729 2376 1757 2407 Ε,
1779 2371 1814 2402 V.
1833 2372 1882 2409 78,
1900 2379 1952 2410 ep.
1972 2370 2060 2410 897.)

688 2423 824 2455 21639.
839 2443 879 2448 -
895 2425 1040 2461 Guidoni,
1055 2429 1129 2455 nato
1147 2424 1287 2465 Huqonis
1301 2424 1435 2462 Quiereti
1449 2423 1526 2461 mil„
1541 2433 1635 2464 prov.
1654 2433 1771 2456 canon.
1790 2424 1869 2455 6661.
1886 2424 2051 2455 Morinen.
2066 2423 2129 2455 sub
2146 2432 2240 2464 exsp.

644 2479 747 2520 praeb.
764 2495 803 2502 —
817 2479 844 2510 I.
865 2487 894 2510 e.
910 2488 956 2509 m.
980 2487 1056 2518 ep.o
1077 2478 1266 2515 Vivarien.,
1286 2479 1318 2509 et
1340 2477 1507 2508 Parisien.
1532 2486 1569 2508 ac
1594 2478 1635 2508 de
1659 2477 1853 2509 Belvaoinio
1876 2477 2054 2508 Beracen.
2083 2476 2243 2508 archid.is

644 2532 725 2564 6661.
744 2532 797 2572 (Α.
816 2533 866 2569 22,
883 2532 907 2562 f.
921 2533 982 2564 459
996 2537 1024 2568 ·;
1050 2531 1086 2563 V.
1099 2532 1151 2570 78,
1172 2540 1224 2571 ep.
1241 2531 1327 2570 936.)

689 2583 826 2616 21640.
843 2603 882 2610 -
900 2585 1057 2617 Guerardo
1073 2590 1147 2616 παιο
1162 2585 1334 2626 supradicti
1350 2584 1491 2624 Huqom's
1505 2583 1622 2615 eadem
1636 2583 1744 2623 gratia
1757 2583 1792 2614 in
1807 2583 1887 2614 6661.
1903 2582 2152 2615 Noviomen.—
2169 2582 2196 2613 Ι.
2213 2590 2242 2613 6.

645 2648 690 2671 m.
708 2641 747 2672 ut
764 2649 792 2671 s.
807 2640 859 2678 (A.
876 2641 927 2676 22,
941 2639 965 2670 f.
981 2641 1041 2671 459
1059 2639 1089 2676 1‘3
1114 2639 1150 2671 V.
1170 2640 1220 2675 78,
1239 2647 1292 2679 ep.
1310 2639 1395 2677 937.)

690 2690 829 2723 21641.
846 2711 885 2716 -
901 2693 987 2734 Ep.o
1002 2692 1154 2723 Parisien.
1171 2697 1198 2722 et
1213 2691 1279 2722 abb.
1297 2696 1426 2722 monast.
1438 2701 1464 2721 s.
1485 2689 1631 2721 Germani
1643 2689 1679 2720 de
1692 2689 1798 2720 Pratis
1808 2689 1904 2730 juxta
1917 2687 2068 2725 Parisius,
2083 2697 2119 2718 ac
2132 2687 2244 2718 decano

646 2745 718 2777 eccl.
736 2746 888 2778 Parisien.
907 2746 1020 2777 mand.
1039 2746 1077 2777 ut
1092 2754 1179 2785 mag.
1200 2745 1282 2776 Adae
1300 2745 1340 2775 de
1359 2743 1496 2780 Gravia,
1520 2743 1643 2774 rectori
1664 2742 1798 2782 paroch.
1820 2741 1899 2773 eccl.
1919 2741 1959 2772 de
1976 2740 2145 2778 Senantis,
2165 2740 2243 2771 Car-

646 2800 759 2831 noten.
776 2799 836 2838 di.,
861 2800 913 2840 (24
927 2799 987 2830 lib.
1004 2799 1135 2839 paris),
1148 2797 1322 2834 conferant
1341 2805 1458 2828 canon.
1477 2798 1509 2828 et
1533 2795 1635 2836 praeb.
1655 2795 1736 2827 6661.
1752 2795 1931 2827 Carnoten.
1947 2802 2018 2824 vae.
2034 2801 2093 2832 per
2113 2791 2244 2823 obitum

645 2851 817 2893 Radulphi
833 2852 875 2884 de
890 2851 1102 2887 Harricuria‚
1126 2852 1159 2883 S.
1180 2852 1222 2883 A.
1240 2859 1330 2890 cap.;
1352 2858 1419 2880 non
1442 2849 1530 2880 obst.
1555 2857 1672 2880 canon.
1700 2847 1763 2886 sub
1783 2855 1878 2887 exsp.
1898 2845 1999 2886 praeb.
2019 2845 2100 2877 6661.
2117 2854 2145 2876 6.
2165 2845 2244 2877 Ger-

646 2905 739 2937 mani
756 2905 1010 2937 Autisiodoren.
1028 2904 1195 2936 parisien.
1215 2903 1266 2943 (A.
1286 2904 1335 2940 23,
1354 2903 1376 2934 s.
1396 2903 1454 2934 283
1473 2907 1501 2939 ⁸5
1527 2902 1560 2933 V.
1581 2903 1630 2939 79,
1650 2910 1702 2941 ep.
1722 2900 1826 2940 1752.)

360 3061 507 3091 JOANNIS
523 3061 607 3091 xxn.
628 3076 663 3082 —
681 3062 712 3090 T.
734 3061 768 3091 V.
2067 3053 2102 3082 40
