2592 3562
343 313 399 344 ¹94

372 403 474 430 Datum
496 396 680 431 Avenione.

341 611 417 645 2(1v
435 608 515 642 non.)
531 612 599 643 sept.
620 607 708 636 1324.

475 654 505 680 Τ.
523 653 578 680 XX.

471 920 501 946 T.
520 896 576 946 xx.

485 1191 520 1219 Ut
534 1200 557 1219 s.

464 1237 493 1263 T.
513 1236 568 1263 XX.

480 1404 517 1433 Ut
536 1413 559 1432 s.

470 1450 500 1476 T.
516 1450 572 1476 XX.

482 1565 518 1593 Ut
539 1574 551 1592 s

451 1610 480 1636 T.
499 1585 581 1636 XXII.

480 1779 517 1807 Ut
532 1787 554 1806 s.

479 1992 515 2020 Ut
533 2000 556 2019 s.

465 2037 496 2064 T.
518 2037 573 2064 XX.

475 2207 510 2234 Ut
536 2216 560 2235 s.

468 2252 498 2278 T.
514 2253 569 2279 XX.

481 2477 516 2505 Ut
537 2487 561 2506 S.

455 2522 485 2548 T.
503 2522 585 2550 XXII.

482 2690 518 2717 Ut
534 2698 557 2717 s.

337 2956 354 2982 3
370 2956 415 2990 (111
430 2956 510 2990 nou.)
524 2961 592 2992 sept.
617 2957 702 2985 1324.

376 3001 407 3028 T.
428 3001 463 3027 XI
479 3002 524 3036 Ἢ,
544 3001 603 3028 XIII
621 3003 663 3035 ¹l2.

737 310 909 342 JOANNIS
934 310 1050 341 PAPAE
1073 310 1174 342 XXII.
1199 292 1446 352 (1316-1334).
1468 331 1507 337 —
1530 313 1715 344 LITTERAE
1738 312 1962 344 COMMUNES

765 501 889 533 lelmus
906 501 1015 534 benef.
1033 511 1061 533 e.
1084 511 1111 534 c.
1130 503 1181 534 vel
1200 512 1228 534 s.
1252 512 1293 541 c.‚
1311 504 1353 535 ad
1373 504 1485 536 collat.
1511 503 1628 535 decani
1647 505 1679 535 et
1700 503 1800 544 capit.
1825 503 1906 535 ecel.
1923 503 1963 535 de
1979 503 2162 542 Mauriaem
2185 505 2282 537 dictae
2298 505 2358 543 di.,

765 556 930 595 expectet.
953 555 1007 596 (A.
1025 557 1074 592 21,
1094 556 1117 587 f.
1133 558 1193 588 379
1205 562 1234 595 ·;
1254 556 1290 588 V.
1309 559 1358 595 77,
1374 566 1425 598 ep.
1445 556 1549 596 1903.)

810 605 944 637 20279.
962 626 999 631 -
1016 608 1059 639 De
1071 608 1216 641 Secureto
1234 610 1374 641 Anicien.
1393 610 1473 647 abb,
1488 615 1516 640 et
1533 610 1558 640 S
1561 609 1691 650 tephano
1702 609 1739 640 de
1753 609 1896 646 Boc-iaco,
1910 619 1946 641 αι·
1960 609 2089 642 lieberto
2104 610 2141 642 de
2154 611 2275 650 Riomo,
2289 621 2357 643 can.

767 660 993 694 Claromonten.
1019 661 1104 700 eccl„
1129 663 1241 694 mand.
1261 666 1296 695 ut
1313 663 1432 695 Pontio
1451 663 1571 700 Cocha,
1592 671 1683 694 mon.
1700 664 1845 695 monast.
1862 663 2039 700 Issiodori,
2059 664 2100 697 Ο.
2123 663 2156 696 S.
2176 665 2227 702 Β.,
2248 664 2360 697 Claro·

766 717 912 746 monten.
931 715 990 752 di.,
1005 716 1179 748 conferant
1197 717 1384 757 prioratum
1399 725 1427 747 s.
1445 716 1648 756 Pandulphi‚
1667 717 1738 748 ord.
1757 718 1790 748 et
1803 717 1849 748 di.
1864 717 2113 756 praedictorum,
2129 726 2200 750 vac.
2215 726 2276 759 per
2286 717 2359 750 obi-

765 770 837 799 tum
855 768 1018 800 Bernardi
1043 769 1245 807 Blancherii‚
1267 771 1299 801 et
1317 779 1376 809 per
1399 769 1659 809 suspensionem
1676 769 1831 810 Gregorii
1850 770 1958 810 ejusd.
1979 772 2124 803 monast.
2141 770 2215 803 abb.
2233 772 2361 804 nemini

765 821 938 852 collatum.
957 822 1008 861 (A.
1025 824 1074 859 22,
1095 823 1116 854 f.
1136 825 1195 854 347
1210 829 1237 860 ὃς
1261 823 1293 854 V.
1313 825 1362 859 77,
1381 831 1433 862 ep.
1453 822 1556 862 1908.)

810 871 945 904 20280.
959 893 998 898 -
1015 875 1094 907 Abb.
1113 876 1149 907 de
1164 876 1308 907 Secureto
1326 876 1480 913 Anicien„
1495 880 1525 906 et
1543 875 1675 917 AEqidio
1691 875 1728 907 de
1747 876 1944 908 Chalancono
1960 886 1997 908 ac
2011 876 2165 909 Ademaro
2180 878 2274 917 Jorii,
2288 888 2357 910 can.

768 927 994 960 Claromonten.
1019 928 1104 966 eccl„
1125 930 1237 961 mand.
1259 931 1295 960 ut
1313 929 1450 969 Hugoni
1473 930 1513 961 de
1538 929 1708 967 Talherio,
1727 939 1817 961 mon.
1835 931 1979 962 monast.
2000 931 2178 969 Issiodori,
2197 931 2236 964 O.
2255 931 2290 964 S.
2306 932 2357 970 Β.,

764 981 1015 1013 Claromonten.
1041 983 1100 1017 di..
1122 983 1294 1013 conferant
1317 983 1371 1014 off.
1399 982 1591 1014 infirmariae
1615 983 1723 1023 ejusd.
1753 985 1897 1015 monast.
1919 993 1991 1015 vac.
2012 992 2072 1024 per
2093 984 2176 1016 obit.
2197 985 2361 1017 Dalmatii

763 1035 956 1073 Bertrandi,
972 1037 1005 1067 et
1023 1044 1082 1076 per
1098 1036 1357 1075 suspensionem
1380 1035 1534 1076 Gregorii
1551 1036 1661 1076 ipsius
1677 1038 1822 1069 monast.
1843 1037 1919 1069 abb.
1944 1037 2074 1069 nemini
2089 1037 2267 1076 collatum3
2283 1047 2360 1071 eum

764 1087 969 1128 obligatione
987 1089 1180 1120 dimittendi
1199 1089 1388 1128 prioratum
1405 1089 1446 1120 de
1461 1090 1710 1126 Parentiniac0‚
1726 1091 1797 1123 ord.
1817 1091 1851 1123 et
1872 1091 1918 1122 di.
1938 1091 2188 1131 praedictorum,
2206 1091 2272 1124 eid.
2289 1100 2358 1124 mo-

764 1142 852 1173 nast.
870 1142 1064 1173 immediate
1087 1141 1288 1182 subjectum.
1307 1142 1359 1181 (A.
1373 1144 1423 1180 21,
1441 1143 1464 1174 f.
1475 1145 1535 1175 382
1551 1143 1586 1180 Μ
1603 1144 1644 1175 Α.
1663 1145 1714 1180 22,
1731 1144 1753 1175 f.
1769 1145 1830 1176 410
1846 1149 1875 1181 ὃς
1903 1144 1936 1177 V.
1953 1146 2004 1182 77,
2021 1153 2076 1185 ep.
2093 1145 2201 1185 1910.)

810 1192 945 1224 20281.
962 1213 996 1217 -
1015 1195 1105 1225 Eisd.
1123 1196 1235 1226 mand.
1255 1198 1292 1226 ut
1311 1196 1497 1228 Guillelmo
1516 1196 1655 1233 Coeche‚
1673 1206 1763 1229 mon.
1779 1197 1912 1238 praefati
1934 1199 2095 1236 monast„
2111 1198 2286 1230 conferant
2302 1198 2358 1231 off.

764 1248 956 1280 camerariae
971 1248 1076 1288 ejusd.
1095 1250 1241 1280 monast.
1256 1258 1328 1280 vae.
1346 1258 1406 1289 per
1422 1249 1550 1281 obitum
1566 1251 1709 1282 Joannis
1721 1251 1760 1282 de
1772 1252 1879 1283 Bosco
1893 1253 1926 1283 et
1939 1260 2042 1283 causa
2056 1251 2216 1292 praedicta
2230 1252 2359 1284 nemini

765 1301 940 1338 collatum3
959 1311 1034 1333 cum
1053 1301 1256 1342 obligatione
1274 1302 1467 1335 dimittendi
1492 1304 1680 1343 prioratum
1697 1313 1725 1335 s.
1751 1305 1876 1336 Auiani
1892 1305 1932 1336 de
1954 1313 1982 1335 s.
2004 1305 2148 1343 Attiano,
2171 1305 2242 1336 ord.
2260 1307 2293 1337 et
2312 1305 2359 1337 di.

764 1355 1013 1395 praedictorum,
1033 1355 1097 1385 eid.
1121 1357 1265 1387 monast.
1283 1356 1482 1396 subjectum.
1501 1357 1554 1397 (A.
1574 1358 1623 1394 21,
1643 1357 1666 1389 f.
1682 1359 1741 1389 382
1756 1357 1786 1395 b;
1807 1357 1838 1388 V.
1860 1360 1909 1396 77,
1927 1367 1980 1403 ep.
2000 1358 2106 1398 1911.)

808 1405 943 1437 20282.
961 1427 998 1431 -
1015 1408 1105 1439 Eisd.
1119 1410 1231 1440 mand.
1249 1411 1286 1441 ut
1302 1410 1489 1441 Bertrando
1507 1410 1547 1441 de
1560 1411 1681 1451 Layse,
1698 1420 1789 1443 mon.
1809 1411 1996 1451 supradicti
2013 1413 2172 1449 monast„
2186 1412 2360 1444 conferant

764 1462 817 1493 off.
837 1462 998 1501 operar-ize
1019 1461 1126 1501 ejusd.
1153 1465 1311 1499 monast„
1330 1472 1401 1494 vac.
1421 1472 1480 1503 per
1495 1463 1625 1495 obitum
1641 1464 1735 1496 Petri
1755 1464 1875 1496 Velavi
1893 1466 1926 1496 et
1943 1465 2016 1496 ead.
2034 1473 2136 1496 causa
2148 1465 2277 1497 nemini
2295 1465 2360 1498 eol-

763 1515 881 1546 latum.
900 1515 1013 1555 (A.21,
1031 1515 1054 1546 f.
1074 1517 1132 1546 383
1148 1521 1176 1553 ³;
1204 1515 1235 1546 V.
1257 1518 1306 1554 77,
1325 1525 1377 1556 ep.
1394 1518 1498 1555 1912.)

808 1565 930 1597 20283
954 1586 992 1591 --
1008 1568 1097 1600 Eisd.
1113 1569 1224 1600 mand.
1239 1570 1275 1600 ut
1287 1569 1473 1601 Guillelmo
1485 1570 1525 1602 de
1537 1570 1731 1608 Lhausuno,
1744 1580 1836 1602 mon.
1848 1571 2003 1612 jamdicti
2015 1572 2174 1609 monast..
2187 1571 2362 1604 conferant

762 1622 949 1661 prioratum
973 1622 1013 1652 de
1036 1622 1250 1659 Forminach,
1265 1623 1304 1655 O.
1322 1623 1355 1654 S.
1378 1624 1430 1660 Β.,
1448 1623 1700 1656 Claromonten.
1717 1625 1777 1662 di.,
1797 1624 1886 1656 dicto
1906 1625 2052 1656 monast.
2068 1624 2271 1665 subjectum,
2285 1634 2358 1657 vac.

762 1684 822 1714 per
839 1675 969 1706 obitum
987 1675 1100 1706 Boniti
1116 1676 1280 1713 Lanterii,
1299 1677 1331 1707 et
1344 1676 1507 1717 jamdicta
1522 1686 1624 1709 causa
1640 1679 1769 1709 nemini
1790 1678 1968 1714 collatum3
1994 1686 2071 1709 cum
2087 1678 2294 1719 obligatione
2313 1678 2361 1710 di-

763 1729 918 1759 mittendi
935 1729 990 1759 off.
1008 1729 1286 1769 eleemosynariae
1305 1730 1436 1769 praefati
1456 1733 1588 1762 monast
1618 1731 1669 1771 (A.
1685 1733 1734 1770 21,
1754 1732 1777 1762 f.
1793 1733 1850 1763 383
1867 1737 1894 1768 ²3
1918 1731 1954 1763 V.
1971 1734 2023 1769 77,
2038 1740 2090 1772 ep.
2108 1732 2215 1772 1913.)

808 1779 941 1810 20284.
968 1800 1001 1804 -
1023 1782 1113 1814 Eisd.
1132 1783 1243 1813 mand.
1262 1787 1297 1813 ut
1317 1783 1513 1823 Astorgium
1526 1784 1701 1816 Deltalher
1717 1785 1924 1816 transferant
1939 1793 1957 1816 e
1975 1787 2121 1816 monast.
2137 1785 2300 1823 Casaedei,
2318 1785 2358 1818 O.

761 1835 793 1866 S.
813 1836 863 1869 B..
882 1835 1133 1867 Claromonten.
1158 1836 1217 1872 di.,
1242 1837 1284 1867 ad
1308 1836 1486 1876 praefatum
1505 1837 1651 1868 monast.
1673 1837 1838 1868 Issiodori
1861 1838 1961 1878 eique
1982 1839 2158 1869 reservant
2172 1838 2360 1878 prioratum

763 1889 801 1919 de
820 1886 1067 1926 Parentiniaco,
1090 1889 1122 1919 in
1143 1889 1237 1920 brevi
1261 1891 1459 1921 vacaturum
1481 1899 1541 1930 per
1563 1890 1812 1922 assecutionem
1838 1890 2027 1922 faciendam
2050 1890 2092 1922 ab
2113 1892 2257 1932 Hugone
2281 1892 2359 1924 Del-

761 1942 868 1973 talher
884 1942 924 1973 de
940 1943 994 1973 off.
1012 1942 1208 1974 infirmariae
1224 1943 1332 1982 ejusd.
1350 1945 1495 1974 monast.
1515 1943 1691 1974 Issiodori.
1709 1943 1760 1982 (A.
1779 1945 1829 1981 21,
1848 1944 1871 1974 f.
1890 1945 1948 1975 383
1964 1950 1992 1981 ’ς
2021 1944 2051 1974 V.
2068 1946 2118 1981 77,
2135 1953 2186 1985 ep.
2207 1945 2311 1985 1914.)

806 1992 939 2024 20285.
958 2013 996 2018 -
1012 1995 1138 2026 Eisdem
1155 1996 1266 2026 mand.
1287 1998 1323 2028 ut
1336 1997 1471 2036 Hugoni
1485 1997 1525 2028 de
1536 1997 1637 2033 Dora,
1655 2005 1743 2027 mon.
1762 1997 1913 2036 praedicti
1928 1998 2073 2029 monast.
2091 1998 2270 2036 Issiodori,
2283 2007 2359 2030 con-

762 2049 869 2084 ferant
883 2050 935 2080 off.
952 2049 1228 2089 eleemosynariae
1241 2049 1348 2088 ejusd.
1367 2051 1525 2085 monast„
1544 2059 1603 2089 per
1619 2050 1868 2081 assecutionem
1884 2060 1902 2082 a
1917 2051 2098 2082 Guillelmo
2116 2051 2157 2083 de
2172 2051 2358 2084 Lhausuno

761 2102 948 2133 faciendam
965 2103 1005 2133 de
1029 2103 1181 2142 prioratu
1199 2103 1239 2133 de
1256 2103 1459 2134 Forminach
1480 2103 1642 2143 jamdicto
1658 2104 1693 2134 in
1707 2103 1801 2135 brevi
1818 2105 1938 2140 vacat„
1957 2105 1990 2136 et
2009 2113 2111 2135 causa
2125 2105 2285 2144 praedicta
2301 2114 2358 2137 ne-

759 2156 843 2186 mini
862 2156 1034 2186 collatum.
1057 2156 1108 2192 (Α.
1130 2157 1179 2192 21,
1200 2156 1221 2186 f.
1238 2157 1298 2187 392
1313 2161 1341 2194 ³3
1367 2156 1397 2187 V.
1416 2159 1465 2193 77,
1481 2165 1533 2196 ep.
1552 2158 1654 2193 1941.)

806 2206 939 2239 20286.
957 2227 995 2231 -
1013 2209 1241 2240 Claromonten.
1262 2214 1290 2239 ec
1306 2209 1406 2240 saecul.
1428 2220 1451 2240 s.
1473 2209 1601 2247 Genesii,
1625 2209 1852 2241 Claromonten.
1873 2211 1928 2248 di.,
1945 2211 2026 2248 abb„
2043 2221 2078 2242 ac
2093 2211 2246 2242 Ademaro
2261 2211 2355 2251 lorii,

760 2272 826 2292 can.
840 2263 935 2302 ejusd.
956 2262 1180 2294 claromonten.
1198 2262 1283 2300 ecch,
1301 2263 1414 2294 mand.
1430 2265 1466 2295 ut
1479 2264 1614 2304 Hugoni
1628 2264 1668 2295 de
1684 2264 1891 2304 Magnoloco,
1909 2273 1999 2296 mon.
2018 2266 2161 2296 monast.
2177 2265 2355 2304 Issiodori,

760 2316 799 2348 O.
820 2317 854 2348 S.
872 2317 922 2354 Β.,
941 2317 1191 2347 Claromonten.
1209 2317 1270 2353 di.,
1291 2316 1465 2348 conferant
1485 2317 1672 2357 prioratum
1689 2317 1723 2348 di
1743 2318 1893 2349 Anlhaco
1908 2318 2060 2349 eorumd.
2078 2318 2148 2350 ord.
2167 2320 2199 2350 et
2212 2318 2272 2355 di.,
2289 2318 2355 2351 eid.

759 2371 903 2401 monast.
924 2370 1118 2401 immediate
1141 2371 1343 2410 subjectum,
1368 2379 1439 2402 vac.
1464 2379 1524 2410 per
1545 2370 1676 2402 obitum
1696 2371 1840 2403 Oliverii
1856 2371 2060 2407 deAnlhaeo,
2079 2373 2112 2403 et
2132 2373 2270 2412 propter
2285 2380 2358 2404 sus—

759 2423 956 2463 pensionem
975 2424 1129 2463 Gregorii
1144 2423 1219 2455 abb.
1238 2424 1367 2455 nemini
1387 2424 1560 2455 collatum.
1581 2425 1632 2463 (A.
1650 2426 1701 2461 21,
1721 2424 1742 2455 f.
1755 2426 1816 2456 405
1829 2430 1856 2462 ⁸3
1884 2424 1919 2456 V.
1939 2427 1989 2460 77,
2007 2434 2059 2464 ep.
2079 2426 2181 2464 1977.)

805 2473 938 2505 20287.
954 2494 992 2500 -—
1007 2477 1086 2507 Abb.
1100 2477 1296 2517 supradictis,
1312 2487 1347 2507 ac
1362 2477 1520 2518 Stephano
1537 2477 1573 2508 de
1593 2477 1734 2514 Bociaco,
1753 2488 1821 2508 can.
1841 2477 2081 2516 maromontem,
2100 2478 2213 2509 mand.
2233 2479 2269 2510 ut
2284 2478 2356 2510 Hu-

759 2530 837 2570 goni
862 2530 977 2567 Laval‚
997 2531 1076 2562 cler.
1100 2531 1351 2562 Clztromonten.
1376 2531 1435 2568 di.,
1466 2531 1642 2562 conferant
1671 2531 1806 2571 paroch.
1834 2531 1914 2562 eccl.
1935 2540 1963 2562 s.
1990 2531 2082 2563 Aviti
2106 2532 2146 2563 de
2173 2532 2355 2570 Issiodoro‚

759 2583 855 2615 dictae
872 2583 931 2620 di.,
953 2592 1024 2615 vac.
1041 2593 1100 2623 per
1118 2584 1199 2615 obit.
1222 2585 1315 2615 Petri
1329 2584 1466 2621 Vitalis.
1486 2586 1518 2615 et
1535 2586 1640 2624 spect.
1660 2585 1702 2615 ad
1717 2584 2013 2624 praesentationem
2025 2585 2181 2624 Jamdicti
2199 2585 2356 2626 Gregorii

759 2636 834 2668 abb.
850 2637 1020 2676 suspensi,
1038 2639 1070 2668 et
1087 2637 1161 2668 ideo
1184 2637 1311 2668 nemini
1327 2637 1495 2669 collatam.
1513 2638 1567 2678 (A.
1588 2639 1638 2675 21,
1657 2637 1678 2669 f.
1707 2638 1766 2669 383
1777 2637 1807 2675 ὓς
1827 2638 1861 2669 V.
1881 2640 1933 2674 77,
1951 2646 2002 2677 ep.
2022 2639 2125 2676 1915.)

804 2687 938 2719 20288.
963 2709 1001 2713 -
1024 2690 1192 2730 Maqniloci
1210 2695 1238 2720 et
1256 2690 1293 2721 de
1310 2690 1460 2721 Boscbalo
1476 2695 1605 2721 monast.
1626 2690 1708 2728 abb„
1725 2700 1760 2721 ac
1775 2691 1878 2732 priori
1891 2690 2108 2728 Salsiniarum,
2129 2690 2353 2724 Claromonten.

759 2743 815 2782 di.,
834 2743 946 2774 mand.
964 2745 1001 2775 ut
1015 2744 1200 2775 Guillelmo
1216 2744 1355 2775 Jordani
1374 2744 1415 2775 de
1433 2744 1646 2780 Forminhac‚
1666 2753 1755 2775 mon.
1773 2744 1906 2784 praefati
1922 2745 2067 2775 monast.
2083 2744 2260 2783 Issiodori,
2278 2753 2355 2776 con·

759 2797 867 2828 ferant
889 2797 1076 2837 prioratum
1093 2798 1132 2828 de
1149 2807 1176 2828 s.
1200 2798 1334 2828 Auiano
1351 2797 1391 2829 O.
1413 2797 1446 2829 S.
1468 2798 1519 2833 Β.,
1538 2797 1789 2829 Claromonten.
1816 2797 1876 2835 di.,
1893 2806 1953 2837 per
1969 2797 2077 2837 ejusd.
2095 2799 2241 2829 monast.
2261 2807 2355 2829 mon.

759 2850 837 2890 gub.
861 2851 1059 2881 consuetum
1079 2853 1110 2881 et
1127 2860 1185 2890 per
1201 2851 1449 2882 assecutionem
1464 2860 1483 2882 a
1497 2850 1680 2882 Guillelmo
1697 2850 1805 2882 Coche
1825 2850 2015 2882 faciendam
2030 2851 2071 2882 de
2087 2851 2143 2882 off.
2161 2852 2355 2883 camerariae

759 2903 840 2935 dicti
857 2905 1001 2935 monast.
1018 2904 1053 2934 in
1070 2903 1164 2934 brevi
1181 2905 1389 2935 vacaturum.
1406 2904 1461 2945 (A.
1478 2905 1528 2942 21,
1544 2903 1565 2935 f.
1583 2905 1642 2936 408
1656 2909 1684 2940 ἃς
1709 2903 1742 2936 V.
1762 2906 1812 2941 77,
1831 2913 1883 2943 ep.
1905 2903 2008 2944 1981.)

805 2954 938 2986 20289.
957 2974 996 2979 -
1012 2957 1172 2988 Bernardo
1186 2957 1222 2988 de
1246 2957 1372 2988 Vivet-iis
1387 2958 1496 2998 gratia
1510 2966 1606 2997 exsp.
1622 2957 1804 2998 prioratus,
1824 2966 1883 2988 seu
1896 2957 2139 2997 praepositurae,
2158 2958 2216 2988 aut
2230 2958 2286 2988 off.
2300 2958 2354 2989 vel

759 3010 868 3042 benef.
885 3010 987 3042 etiam
1006 3019 1032 3041 c.
1051 3019 1077 3040 c.
1103 3019 1162 3049 per
1185 3019 1274 3041 mon.
1299 3012 1444 3042 monast.
1469 3019 1496 3042 s.
1520 3010 1634 3042 Pontii
1656 3010 1924 3050 Thomeriarum,
1948 3010 2045 3049 cujus
2061 3010 2179 3042 existit
2193 3019 2296 3049 mon„
2313 3010 2353 3043 O.
