2592 3562
393 320 452 349 282

419 407 520 433 Datum
544 396 727 432 Avenione.
782 407 785 411 ·

530 467 611 474 -.—

463 506 502 533 28
516 505 573 532 dec.
594 501 680 530 1324.

475 554 502 582 (v
523 547 581 575 kal.
599 544 674 581 jan.)

482 592 511 620 T.
530 591 575 625 XI,
592 589 662 617 XIII.

534 714 570 742 Ut
585 721 609 742 s,

478 759 508 786 T.
532 758 577 791 XI,
598 757 668 784 XIII.

537 925 572 952 Ut
587 932 611 952 s.

428 970 456 998 T.
476 969 509 996 Χι
527 969 572 1005 ¹s2,
590 968 650 996 xm
670 968 714 1003 Ὗς.

463 1189 502 1217 30
517 1189 574 1217 dec.
593 1189 680 1217 1323.

467 1238 513 1269 (111
529 1234 588 1261 kal.
603 1233 677 1269 jan.)

484 1279 515 1306 T.
535 1278 580 1310 XI,
595 1278 667 1305 XIII.

533 1401 567 1428 Ut
588 1409 611 1428 s.

478 1446 507 1472 T.
526 1445 571 1479 XI,
591 1445 660 1472 XIII.

528 1666 562 1694 Ut
584 1674 606 1693 s.

472 1711 501 1738 T.
523 1711 569 1745 xl,
591 1711 661 1738 xm.

524 1932 559 1960 Ut
577 1941 600 1959 s.

475 1977 504 2003 T.
520 1977 567 2010 XI,
582 1976 653 2004 XIII.

521 2092 557 2120 Ut
576 2101 600 2119 s.

470 2137 499 2163 T.
521 2137 567 2170 xl,
581 2138 652 2164 XIII.

450 2251 485 2279 31
507 2252 564 2280 dec.
589 2253 675 2281 1324.

465 2298 498 2330 (11
515 2297 574 2324 kal.
587 2297 660 2333 jan.)

478 2341 508 2370 T.
531 2342 651 2369 XXXIV.

416 2465 429 2490 1
446 2464 528 2500 (kal.)
539 2465 606 2499 jan.
623 2465 710 2494 1325.

510 2509 539 2537 Τ.
554 2510 610 2537 ΧΧ.

522 2730 557 2758 Ut
574 2739 597 2758 s.

485 2774 515 2800 T.
537 2774 633 2802 XVIII.

792 307 967 340 JOANNIS
991 306 1109 338 PAPAE
1131 305 1232 336 XXII.
1256 305 1506 345 (1318-1334).
1529 322 1567 328 -
1591 303 1777 335 Ll‘rTERAE
1800 303 2026 335 COMMUNES

859 492 999 526 21288.
1018 512 1055 518 -
1078 494 1184 526 Vecelo
1200 493 1236 525 de
1253 493 1372 532 Buiom,
1386 501 1458 524 can.
1476 492 1623 533 praeben.
1634 492 1714 524 eccl.
1731 501 1759 524 s.
1774 493 1925 532 Martini,
1944 493 2092 526 Minden.
2104 495 2165 533 di.,
2183 503 2278 535 prov.
2295 504 2413 528 canon.

814 549 893 581 eccl.
913 549 1100 582 Susacien.‚
1118 547 1292 579 Colonien.
1307 547 1366 584 di.,
1384 545 1448 577 sub
1461 554 1557 585 exsp.
1575 545 1678 586 praeb.
1696 564 1733 568 —
1750 545 1776 576 I.
1793 555 1822 578 e.
1843 555 1888 578 m.
1905 555 1982 587 ep.o
1997 547 2246 586 padeburnen„
2263 550 2297 580 et
2309 557 2413 590 praep.

814 602 1005 638 Hamelen.,
1028 600 1177 632 Minden.
1196 600 1256 637 di.,
1277 608 1315 630 ac
1337 599 1461 631 Joanni
1478 599 1518 630 de
1537 599 1740 639 Lescapone,
1760 607 1902 631 camerae
1921 602 2029 641 apost.
2053 600 2148 637 cler„
2173 601 2299 634 archid.
2326 602 2414 635 Nan-

813 657 922 687 neten.
940 654 1021 686 eccl.
1038 654 1092 694 (A.
1117 655 1168 690 22,
1194 653 1217 683 f.
1234 653 1292 684 387
1309 652 1339 689 ¹’3
1365 652 1396 684 V.
1420 653 1470 688 78,
1483 660 1536 692 ep.
1555 653 1612 684 671
1631 652 1682 691 C.)

857 705 996 738 21289.
1022 725 1059 730 -
1083 705 1250 738 Bertholdo
1267 705 1349 736 dicto
1375 704 1534 743 Gruelhot,
1552 714 1624 736 can.
1645 705 1792 745 praeben.
1816 705 1965 738 Mindon.
1990 708 2023 739 et
2044 707 2187 739 Vei-den.
2205 707 2298 744 eccl„
2319 717 2413 749 prov.

814 770 931 793 canon.
951 760 1030 792 eccl.
1050 759 1242 794 Hamelen.,
1264 759 1412 790 Minden.
1433 758 1494 791 di..
1511 758 1575 789 sub
1594 767 1691 798 exsp.
1713 758 1830 799 praeb.,
1848 759 1954 799 dign..
1975 762 2179 800 personatus
2196 762 2254 793 aut
2270 761 2325 793 off.
2341 770 2370 794 0.
2385 771 2414 794 0.

813 814 867 846 vel
885 823 912 845 s.
931 823 957 845 c.
979 830 1014 835 —
1027 814 1053 844 Ι.
1071 821 1099 844 0.
1119 821 1163 843 m.
1181 812 1307 843 archid.
1324 812 1528 848 Nanneten„
1545 813 1577 843 et
1592 810 1784 843 subdecano
1798 811 1987 850 colonien„
2001 821 2040 844 ac
2053 813 2201 846 Henrico
2217 814 2257 846 de
2269 814 2415 854 «luliaco,

813 876 884 899 can.
903 867 1142 898 Monasterien.
1160 866 1239 896 eccl.
1260 866 1312 902 (A.
1329 866 1379 902 22,
1399 864 1421 895 f.
1444 865 1504 896 388
1517 869 1547 902 ⁸3
1569 864 1605 896 V.
1625 866 1675 901 78,
1691 873 1743 904 ep.
1761 865 1848 906 673.)

858 917 996 950 21290.
1009 937 1047 942 -
1061 919 1144 959 May.
1159 918 1275 948 joanni
1287 918 1398 948 Mor-eti
1408 917 1445 949 de
1459 917 1613 948 Borbom’o
1622 926 1717 958 prov.
1728 927 1845 950 canon.
1861 917 1925 950 sub
1938 927 2031 959 exsp.
2042 919 2146 959 praeb.
2158 920 2239 952 eccl.
2256 921 2414 960 AEduen.,

813 973 956 1013 supplic.
971 973 1095 1003 decano
1112 974 1145 1003 et
1161 971 1276 1011 capit.,
1296 971 1338 1002 ad
1354 979 1440 1010 quos
1458 970 1595 1003 collatio
1609 979 1727 1003 canon.
1747 974 1780 1003 et
1795 971 1898 1012 praeb.
1917 973 2047 1013 spectat
2053 981 2063 1010 ς
2081 981 2148 1005 non
2166 972 2252 1006 obst.
2270 974 2306 1005 in
2321 974 2418 1006 Auti-

813 1026 995 1062 siodoren.,
1012 1034 1039 1056 s.
1056 1024 1193 1056 MartIni
1214 1024 1254 1055 de
1274 1023 1460 1064 Campellis
1482 1024 1517 1055 in
1533 1024 1613 1056 Bria
1631 1025 1664 1056 et
1680 1024 1714 1055 in
1738 1032 1767 1056 s.
1793 1024 1982 1056 Wulframi
2003 1025 2044 1057 de
2062 1024 2303 1062 Abbatisvilla,
2321 1026 2416 1059 Pari-

813 1079 897 1111 sien.
925 1081 958 1110 et
979 1078 1180 1110 Ambianen.
1198 1078 1258 1116 di.,
1283 1077 1364 1109 eccl.
1383 1086 1500 1109 canon.
1529 1079 1562 1109 et
1584 1076 1687 1117 praeb.
1712 1095 1749 1100 —
1771 1077 1797 1108 Ι.
1819 1086 1850 1109 0.
1873 1087 1918 1110 m.
1939 1078 2015 1110 abb.
2032 1080 2176 1111 monast.
2203 1088 2232 1111 s.
2255 1079 2416 1113 Germani

812 1132 992 1169 Parisien.,
1009 1133 1042 1163 et
1057 1132 1195 1168 decano,
1216 1139 1254 1162 ac
1268 1131 1398 1162 cantori
1415 1131 1496 1162 eccl.
1517 1130 1686 1162 Parisien.
1702 1131 1758 1171 (A.
1779 1132 1831 1170 22,
1850 1131 1873 1162 f.
1895 1133 1956 1164 492
1970 1131 1999 1170 Ι),
2021 1131 2057 1163 V.
2079 1133 2129 1170 78,
2146 1141 2198 1173 ep.
2217 1134 2302 1171 922.)

855 1182 995 1214 21291.
1013 1203 1050 1208 -
1065 1183 1193 1215 Nicolao
1212 1188 1286 1215 nato
1299 1183 1411 1225 quond.
1438 1183 1568 1215 Walteri
1583 1183 1620 1215 de
1637 1184 1730 1221 Gora,
1750 1184 1831 1216 cler.
1843 1185 2103 1217 Wratislavien.
2118 1186 2179 1224 di.,
2195 1186 2304 1225 gratia
2317 1194 2414 1228 exsp.

811 1238 920 1270 benef.
941 1247 968 1268 0.
986 1247 1014 1268 c.
1032 1237 1086 1268 vel
1107 1246 1135 1268 s.
1155 1246 1196 1275 c.,
1214 1237 1250 1268 in
1263 1237 1356 1269 civit.
1373 1237 1427 1269 vel
1441 1237 1488 1269 di.
1506 1237 1781 1275 Wratislavien.‚
1798 1238 1922 1278 pertIn.
1940 1238 1982 1269 ad
1997 1238 2111 1270 collat.
2129 1239 2208 1279 ep.i.
2222 1256 2260 1261 —
2275 1239 2303 1271 Ι.
2320 1248 2349 1272 0.
2367 1248 2414 1272 m.

811 1291 886 1322 abb.
904 1293 1048 1322 monast.
1068 1291 1103 1322 in
1119 1291 1298 1328 Bamenez,
1317 1290 1576 1322 Wratislavien.
1603 1291 1663 1326 di.,
1685 1293 1718 1323 et
1740 1291 1866 1323 decano
1882 1291 2094 1330 Olomucen.,
2113 1301 2151 1324 ac
2169 1301 2256 1333 mag.
2273 1292 2415 1326 Nicolao

810 1345 850 1376 de
865 1344 1005 1378 Frattis.
1022 1353 1094 1375 can.
1113 1345 1287 1375 Patracen.
1309 1344 1404 1381 eccl„
1424 1344 1491 1376 litt.
1505 1346 1613 1384 apost.
1631 1344 1824 1376 correctori.
1842 1344 1894 1384 (A.
1911 1345 1997 1382 22,1“.
2013 1347 2074 1378 369
2089 1345 2121 1383 ”3
2142 1345 2176 1376 V.
2192 1347 2243 1384 78,
2261 1355 2313 1387 ep.
2329 1346 2415 1387 499.)

854 1395 992 1427 21292.
1010 1417 1046 1421 -
1069 1397 1244 1428 Hermanno
1265 1397 1393 1429 Henrici
1405 1397 1441 1428 de
1459 1397 1591 1439 Kerpin,
1613 1398 1692 1430 cler.
1710 1398 1968 1430 Wratislavien.
1988 1398 2048 1437 di.,
2067 1399 2176 1439 gratia
2193 1399 2413 1440 exsp-benef.

809 1460 836 1483 0.
856 1461 883 1482 0.
904 1452 956 1483 vel
975 1460 1001 1483 s.
1023 1460 1051 1482 c.
1071 1452 1196 1491 pertin.
1216 1451 1258 1482 ad
1276 1451 1387 1483 collat.
1407 1450 1589 1483 abbatissae
1609 1453 1642 1483 et
1661 1460 1756 1483 conv.
1784 1452 1929 1483 monast.
1955 1451 2225 1490 Tuschonowitz,
2246 1453 2317 1485 ord.
2338 1453 2413 1486 Cis-

808 1506 901 1541 terc„
922 1505 1121 1536 Olomucen.
1146 1505 1207 1542 di.,
1228 1506 1263 1536 in
1280 1505 1373 1536 civit.
1391 1505 1446 1536 vel
1464 1505 1510 1536 di.
1527 1505 1724 1537 Olomucen.
1743 1523 1782 1528 —
1799 1506 1826 1536 Ι.
1846 1514 1876 1537 0.
1900 1514 1946 1536 m.
1970 1514 2074 1546 praep.
2092 1506 2365 1547 Wratislavien„
2380 1507 2414 1539 et

809 1558 934 1589 decano
950 1558 1161 1598 Glogovien.‚
1181 1558 1442 1590 Wratislavien.
1456 1559 1515 1595 di.,
1533 1567 1570 1589 ac
1587 1567 1675 1599 mag.
1697 1559 1838 1590 Nicolao
1853 1558 1894 1590 de
1917 1558 2057 1596 Fmttis,
2077 1559 2144 1591 litt.
2159 1561 2268 1599 apost.
2284 1562 2410 1593 correc-

807 1611 885 1647 tori,
903 1620 976 1642 can.
995 1612 1171 1643 Patracen.
1187 1612 1268 1643 eccl.
1288 1611 1340 1651 (A.
1366 1613 1416 1650 22,
1437 1611 1459 1643 f.
1477 1612 1536 1643 323
1553 1611 1584 1648 ¹³5
1607 1611 1640 1642 V.
1664 1613 1713 1649 78,
1735 1620 1788 1652 ep.
1805 1611 1892 1652 502.)

851 1661 991 1693 21293.
1021 1683 1058 1688 --
1092 1664 1277 1701 Wenceslao,
1301 1669 1374 1695 nato
1399 1664 1553 1706 quondam
1581 1664 1705 1696 Nicolai
1725 1664 1811 1696 ducis
1839 1664 2000 1706 Opavien„
2026 1665 2162 1697 collatio
2185 1675 2305 1698 canon.
2329 1667 2411 1699 eccl.

806 1718 947 1757 Pragen.
965 1717 1028 1748 sub
1040 1727 1133 1758 exsp.
1149 1718 1266 1758 presb..
1282 1718 1387 1759 dign,
1406 1718 1460 1750 vel
1473 1720 1675 1758 personatus
1689 1727 1750 1750 seu
1765 1719 1819 1750 off.
1835 1727 1862 1750 0.
1881 1728 1909 1751 c.
1927 1719 1982 1751 vel
1998 1727 2026 1750 s.
2039 1728 2086 1756 c.;
2102 1727 2170 1750 non
2186 1718 2273 1752 obst.
2291 1729 2409 1753 canon.

806 1773 837 1802 et
852 1770 955 1810 praeb.
974 1771 1054 1802 eccl.
1070 1772 1343 1812 WiSsegraden.,
1368 1772 1513 1812 Pragen.
1537 1772 1583 1803 di.
1601 1791 1639 1795 —
1665 1772 1691 1803 I.
1711 1781 1740 1804 e.
1767 1781 1811 1804 m.
1833 1772 1868 1803 in
1889 1772 2076 1804 Welherad
2099 1773 2132 1804 et
2158 1772 2194 1804 in
2216 1773 2408 1812 Οτι-θᾶκοι,

806 1824 1002 1856 Olomucen.
1025 1825 1085 1862 di.,
1104 1827 1248 1857 monast.
1271 1825 1360 1863 abb,
1377 1834 1415 1856 ac
1434 1834 1522 1866 mag.
1539 1825 1680 1857 Nicolao
1700 1826 1740 1857 de
1755 1826 1896 1863 mattis.
1913 1834 1985 1857 can.
2007 1826 2198 1864 patracen„
2214 1826 2282 1859 litt.
2299 1828 2408 1868 apost.

809 1878 1002 1909 correctori.
1020 1879 1073 1918 (A.
1088 1879 1139 1916 22,
1157 1878 1179 1909 f.
1199 1880 1258 1910 324
1273 1884 1302 1916 ἃ,
1325 1878 1361 1910 V.
1379 1879 1428 1916 78,
1449 1887 1501 1918 ep.
1520 1879 1606 1919 504.)

849 1928 987 1961 21294.
1006 1950 1044 1954 -
1069 1931 1190 1971 Ypolico
1207 1931 1367 1963 Frederici
1388 1932 1426 1963 de
1447 1932 1602 1963 Horawitz
1622 1941 1718 1972 prov,
1736 1941 1853 1964 canon.
1875 1932 1955 1964 eccl.
1975 1932 2248 1973 wissegraden„
2266 1933 2408 1974 Pragen.

805 1985 864 2022 di.,
883 1985 946 2015 sub
962 1993 1058 2025 exsp.
1077 1985 1180 2025 praeb.
1197 2003 1234 2008 —
1252 1986 1277 2017 Ι.
1297 1995 1326 2017 e.
1346 1995 1390 2017 m.
1409 1985 1486 2017 abb.
1506 1987 1651 2017 monast.
1669 1985 1851 2021 Sedlicen.,
1870 1986 2014 2026 Pragen.
2035 1986 2096 2026 di.,
2115 1987 2147 2019 et
2162 1995 2249 2027 mag.
2269 1987 2410 2020 Nicolao

804 2038 844 2069 de
859 2038 986 2069 Frattis
1003 2039 1195 2078 saepedicto,
1218 2048 1254 2070 ac
1273 2039 1412 2070 officiali
1429 2039 1509 2070 eccl.
1529 2039 1673 2079 Pragen.
1693 2041 1746 2079 (A.
1763 2040 1813 2077 22,
1833 2039 1855 2070 f.
1877 2040 1937 2071 368
1951 2038 1981 2076 ὓ,
2007 2038 2040 2070 V.
2062 2041 2112 2078 78,
2132 2048 2184 2080 ep.
2203 2041 2290 2080 511.)

848 2088 989 2120 21295.
1006 2109 1044 2114 —
1065 2091 1227 2122 Venceslao
1241 2097 1313 2122 nato
1329 2092 1440 2133 quond.
1457 2091 1583 2123 Nicolai
1600 2092 1626 2122 Τ
1623 2092 1791 2123 usentinait
1806 2092 1924 2124 eadem
1941 2092 2053 2133 gratia
2066 2093 2102 2124 in
2116 2093 2197 2125 eccl.
2214 2094 2407 2127 Olomucen.

804 2162 842 2167 --
856 2145 883 2176 Ι.
899 2153 927 2176 0.
948 2154 992 2175 m.
1011 2145 1045 2176 in
1063 2145 1249 2177 Wetherad
1271 2147 1304 2177 et
1319 2146 1510 2183 Gradicen.,
1533 2146 1729 2178 Olomucen.
1746 2146 1806 2184 di.,
1823 2147 1969 2177 monast.
1993 2146 2083 2184 abb„
2103 2155 2140 2178 ac
2158 2155 2246 2188 mag.
2266 2147 2408 2180 NIcolao

803 2198 843 2229 de
860 2198 987 2230 Frattis
1004 2199 1210 2238 supradicto.
1227 2199 1281 2239 (A.
1298 2200 1348 2234 22,
1364 2199 1387 2229 f.
1402 2201 1462 2231 369
1476 2204 1509 2235 ¹3
1535 2199 1571 2230 V.
1590 2200 1641 2236 78,
1658 2208 1710 2239 ep.
1727 2199 1813 2238 512.)

848 2249 989 2281 21296.
1007 2270 1043 2274 -
1062 2251 1102 2283 Ν.
1127 2262 1154 2282 υ.
1182 2252 1340 2283 ΤΙιονηαείο
1362 2252 1400 2283 de
1415 2253 1551 2293 Aquino,
1568 2251 1647 2290 mil„
1661 2257 1691 2283 et
1705 2262 1736 2282 η.
1755 2263 1794 2283 m.
1816 2252 1932 2291 Isariae,
1949 2253 2105 2284 comitissae
2118 2263 2144 2284 s.
2159 2253 2283 2295 Anyeli,
2299 2254 2410 2287 viduae

803 2305 948 2336 Gentilis
966 2305 1006 2336 de
1023 2314 1050 2336 s.
1069 2306 1226 2346 Georgio‚
1244 2306 1394 2346 dispens.
1415 2315 1518 2345 super
1532 2310 1557 2336 ιο
1572 2307 1605 2337 et
1621 2309 1672 2337 111⁰
1687 2306 1779 2338 affin.
1799 2306 1962 2346 gradibus
1977 2307 2014 2338 ut
2031 2307 2180 2338 matrim.
2197 2307 2313 2348 vigore
2329 2308 2410 2340 alte-

805 2359 876 2389 rius
893 2358 1043 2397 dispens.
1068 2359 1156 2391 inter
1176 2368 1234 2391 eos
1261 2361 1469 2391 contractum
1496 2368 1732 2391 consummare
1757 2359 1904 2391 valeant.
1934 2360 1986 2399 (A.
2009 2361 2061 2399 22,
2087 2359 2112 2392 f.
2140 2362 2199 2393 365
2226 2360 2257 2398 b;
2293 2361 2330 2392 V.
2355 2362 2407 2400 78,

804 2421 856 2451 ep.
874 2412 959 2450 451.)

847 2462 988 2497 21297.
1010 2483 1047 2488 -
1066 2466 1201 2497 Hem-ico
1220 2465 1255 2496 de
1275 2465 1524 2504 Blankenburch,
1549 2466 1629 2497 cler.
1653 2466 1891 2498 Alberstaden.
1911 2466 1972 2504 di.,
1989 2466 2140 2507 dispens.
2160 2468 2208 2504 ut,
2227 2468 2409 2508 postquam

806 2519 956 2559 aliquam
973 2521 1013 2552 de
1030 2519 1254 2560 religionibus
1271 2519 1468 2559 approbatis
1485 2519 1588 2551 fuerit
1602 2520 1791 2560 Ingressus,
1806 2520 1848 2551 ad
1860 2528 1974 2551 sacros
1988 2520 2060 2551 ord.
2076 2520 2270 2560 promoveri
2283 2520 2407 2558 valeat,

803 2573 882 2604 licet
896 2573 1012 2613 plures
1029 2573 1264 2605 malefactores
1278 2573 1314 2603 in
1329 2573 1490 2604 comitatu
1504 2573 1544 2604 de
1557 2572 1829 2608 Blankenburch,
1846 2573 1943 2612 cujus
1957 2581 2072 2605 comes
2082 2573 2211 2613 existit,
2230 2574 2407 2614 sanguinis

803 2627 835 2657 et
858 2626 944 2657 alios
968 2627 1089 2658 mortis
1115 2627 1225 2666 poenis
1243 2625 1359 2666 puniri
1383 2625 1512 2663 fecerit,
1536 2627 1569 2657 et
1597 2626 1632 2657 in
1659 2626 1864 2666 quibusdam
1891 2625 2105 2658 conflictibus
2131 2626 2244 2659 fuerit.
2268 2627 2322 2667 (A.
2354 2627 2407 2665 22,

802 2678 826 2709 f.
841 2681 899 2710 367
916 2684 944 2716 ⁸5
968 2679 1000 2710 V.
1019 2681 1069 2716 78,
1085 2688 1138 2720 ep.
1154 2679 1243 2719 486.)

846 2729 985 2762 21298.
1005 2750 1044 2756 -
1060 2733 1166 2773 Μα99.
1186 2732 1300 2764 Joanm·
1315 2732 1352 2763 de
1364 2731 1545 2773 Arpadella,
1557 2732 1673 2763 decano
1690 2731 1895 2769 xanctonen„
1912 2732 2007 2773 Papae
2024 2742 2108 2774 cap„
2123 2737 2151 2763 et
2166 2733 2259 2764 Petro
2275 2732 2406 2771 casalis,

801 2785 967 2822 Parisien„
985 2796 1021 2817 ac
1031 2786 1152 2817 Simoni
1163 2785 1198 2816 de
1211 2785 1237 2816 T
1236 2785 1414 2823 rincavilhz,
1429 2784 1570 2816 AE'duen.
1583 2795 1652 2816 can.
1670 2785 1758 2823 eccl„
1771 2785 1884 2818 mand.
1902 2787 1939 2817 ut
1954 2788 2092 2818 evocent
2103 2786 2145 2817 ad
2161 2786 2194 2818 S.
2210 2787 2248 2818 Α.
2265 2795 2404 2818 causam

801 2846 914 2870 coram
930 2847 1006 2879 ep.o
1022 2839 1221 2871 Noviomen.
1238 2841 1271 2870 et
1288 2839 1388 2870 dictis
1404 2839 1590 2879 magistris,
1610 2839 1683 2878 ejus
1701 2838 1933 2879 subdelegatis
1952 2840 2040 2870 auct.
2059 2841 2182 2879 apost.,
2199 2839 2402 2879 pendentem

801 2892 889 2923 inter
904 2892 1100 2932 Philippum
1115 2893 1156 2924 de
1174 2893 1368 2932 Meleduno,
1386 2892 1618 2924 subdecanum
1636 2892 1716 2923 eccl.
1742 2893 1903 2932 Burgen.,
1927 2893 1960 2924 et
1979 2892 2214 2924 Theobaldum
2235 2893 2275 2924 de
2291 2893 2403 2933 Haya,

800 2945 879 2976 cler.
899 2945 1130 2976 Constantien.
1151 2946 1210 2983 di.,
1234 2946 1390 2985 partibus
1411 2953 1453 2976 ex
1473 2945 1591 2984 altera,
1617 2954 1720 2985 super
1735 2953 1853 2976 canon.
1880 2946 1913 2976 et
1936 2944 2038 2985 praeb.
2057 2946 2139 2978 eccl.
2156 2945 2403 2987 Rothomagen.

799 3006 859 3037 per
877 2997 1007 3029 obitum
1025 2998 1106 3030 Adae
1122 2999 1269 3038 Rigaudi
1284 2999 1317 3030 S.
1336 2999 1376 3030 A.
1395 3007 1468 3038 cap.
1489 2999 1654 3030 vacantia.
1671 2998 1726 3038 (A.
1747 2999 1796 3035 22,
1819 2998 1842 3029 f.
1859 2999 1918 3030 323
1932 3003 1960 3035 ⁸3
1986 2998 2022 3030 V.
2041 2999 2092 3036 78,
2109 3008 2161 3039 ep.
2182 3000 2267 3038 498.)
