2592 3562
228 421 332 448 Datum
346 414 530 449 Avenione.

334 483 424 492 ..—

227 522 246 550 5
261 521 355 558 (non.)
370 520 426 556 feb.
445 518 533 547 1325.

317 566 348 593 T.
366 565 438 592 XVI.

233 671 263 698 T.
280 626 521 705 xxffi,s{ixxlv.

317 1254 347 1282 Τ.
368 1254 440 1281 XVI.

234 1627 265 1655 T.
283 1581 391 1661 xxiiii,
399 1590 525 1654 sixxw.

339 1795 376 1823 Ut
395 1803 420 1823 a.

285 1839 316 1868 T.
337 1839 384 1872 XI,
403 1839 476 1869 xm.

340 2115 377 2144 Ut
396 2123 420 2143 s.

321 2160 352 2187 T.
370 2159 440 2187 xvl.

342 2274 379 2303 Ut
395 2283 419 2302 s.

289 2319 320 2348 Τ.
338 2319 386 2355 xl,
400 2318 472 2347 XIII.

347 2541 384 2570 Ut
401 2550 425 2569 s.

272 2585 302 2613 Τ.
323 2585 443 2620 XLVIII,
459 2585 490 2612 L.

213 2754 232 2782 6
243 2754 310 2791 (vm
329 2753 380 2790 id.)
394 2753 449 2787 feb.
466 2752 555 2782 ¹325.

284 2798 330 2827 Gr.
346 2806 399 2834 pro
414 2797 482 2827 Deo.

588 324 760 355 JOANNIS
784 324 902 355 PAPAE
924 325 1025 355 XXII.
1049 326 1297 364 (1316-1334).
1319 344 1358 349 -
1380 325 1566 357 LITTERAE
1589 326 1812 358 COMMUNES
2153 330 2212 361 303

665 513 802 545 21505.
820 534 858 539 -
877 514 1039 546 Guillelmo
1054 515 1210 555 archiep.o
1224 515 1392 546 Bituricen.
1405 516 1526 548 indult.
1540 517 1581 547 ad
1592 517 1779 549 triennium
1788 519 2027 550 reconciliandi
2040 528 2100 559 per
2109 520 2213 551 alium

621 569 790 601 cimiteria
805 570 837 600 et
855 569 935 599 eccl.
953 568 1079 599 violata
1095 577 1234 598 suarum
1251 568 1343 599 civit.
1363 570 1395 599 et
1411 569 1456 599 di.
1473 570 1525 609 (A.
1539 571 1591 606 22,
1611 570 1635 600 f.
1652 572 1712 602 304
1729 576 1759 607 ³3
1783 570 1816 601 V.
1834 573 1883 609 78,
1902 580 1954 611 ep.
1968 573 2055 611 662.)

665 619 802 651 21506.
821 639 858 644 -
872 621 982 651 Eidem
996 620 1190 660 indulgetur
1205 622 1240 652 ut
1256 631 1287 652 vi
1305 630 1377 660 cap.
1395 630 1455 652 seu
1468 623 1561 660 cler„
1579 623 1652 654 suis
1668 623 1842 663 obsequiis
1858 624 2065 663 insistentes,
2085 625 2215 658 fructus

621 675 730 707 benef.
752 683 890 706 suorum
910 674 1040 714 integre
1058 673 1246 713 percipiant
1264 674 1305 704 ad
1323 674 1520 705 triennium.
1539 693 1576 697 —
1593 675 1619 705 Ι.
1639 684 1668 707 e.
1698 685 1743 706 m.
1762 675 1837 707 abb.
1863 679 2006 709 monast.
2029 686 2056 709 s.
2078 678 2215 718 Sulpitii

621 729 820 764 Bituricen.,
836 730 868 759 et
882 728 1007 758 decano
1024 736 1051 758 s.
1069 726 1302 766 Austregisilii
1326 727 1366 758 de
1382 728 1500 759 Castro
1520 728 1718 764 Bituricen.,
1736 738 1773 759 ac
1791 729 1916 760 archid.
1934 731 2072 770 maj0ris
2089 731 2215 763 Bituri-

622 791 693 814 cen.
711 781 791 813 eccl.
807 781 859 821 (A.
875 781 928 816 22,
948 780 970 810 f.
988 781 1047 811 304
1061 785 1091 816 ⁸²;
1116 779 1152 810 V.
1168 781 1218 816 78,
1235 789 1287 819 ep.
1304 781 1389 820 663.)

666 832 803 864 21507.
829 851 867 856 —-
889 833 1116 865 Confirmatur
1144 833 1331 872 assignatio
1357 842 1417 872 per
1439 834 1682 873 Berengarium
1709 843 1823 873 ep.um
1843 835 1960 866 Vicen.
1987 836 2074 867 facta
2099 836 2214 868 favore

621 889 715 929 capit.
738 888 840 929 Vicen.
859 895 979 926 nempe
996 886 1035 917 de
1052 885 1241 916 redditibus
1256 894 1380 916 mensae
1394 895 1463 916 suae
1479 895 1540 925 pro
1559 896 1575 915 1.
1588 886 1815 925 lampadibus,
1835 896 1908 927 quae
1923 889 1998 919 ante
2012 889 2116 920 altare
2133 889 2166 920 b.
2182 890 2215 920 b.

622 942 853 982 apostolorum
871 940 963 971 Petri
987 940 1019 970 et
1038 939 1136 970 Pauli
1155 939 1258 969 situm
1275 939 1309 969 in
1326 939 1407 969 eccl.
1426 939 1543 970 Vicen.
1561 939 1700 970 ardeant
1717 941 1892 979 perpetuo,
1910 941 1949 972 30
1965 940 2025 972 lib.
2043 940 2215 973 barchino-

621 1004 719 1031 nen.;
747 1003 808 1034 pro
829 994 1009 1033 augmento
1030 991 1184 1023 vestiarii
1207 991 1446 1022 canonicorum
1463 993 1503 1023 40
1519 991 1578 1023 lib.
1600 992 1708 1031 ejusd.
1728 994 1888 1030 monetae;
1910 995 1942 1025 et
1963 993 2004 1024 de
2023 994 2103 1025 aliis
2117 994 2217 1026 bonis

622 1049 695 1080 suis
711 1057 771 1088 pro
788 1058 810 1078 11
828 1046 954 1087 presb.,
972 1054 1038 1077 uno
1054 1045 1185 1076 scilicet
1197 1045 1232 1076 in
1248 1045 1321 1076 ead.
1340 1045 1435 1082 eccl„
1453 1045 1560 1076 altero
1577 1054 1655 1076 vero
1673 1045 1708 1076 in
1726 1045 1855 1085 capella
1871 1046 1925 1077 sui
1940 1046 2057 1086 palatii
2065 1056 2074 1083 ;
2089 1055 2217 1079 necnon

622 1102 766 1134 aliorum
781 1100 975 1132 reddituum
990 1099 1031 1130 ad
1049 1107 1202 1130 mensam
1218 1106 1315 1129 suam
1331 1106 1398 1129 non
1413 1098 1536 1137 pertin.
1549 1106 1610 1138 pro
1627 1108 1658 1129 v1
1676 1098 1931 1130 anniversariis.
1946 1099 2001 1140 (A.
2017 1101 2068 1135 22,
2083 1100 2106 1131 f.
2119 1100 2215 1138 3041’5

627 1155 662 1187 V.
682 1156 732 1191 78,
748 1163 800 1194 ep.
815 1154 899 1193 664.)

666 1205 802 1237 21508.
828 1225 866 1229 -
891 1205 1064 1237 Bertrando
1081 1205 1116 1236 de
1134 1204 1334 1242 Monasterio,
1353 1204 1477 1236 rectori
1496 1204 1630 1244 paroch.
1650 1205 1732 1236 eccl.
1751 1205 1792 1236 de
1816 1213 1844 1236 s.
1866 1205 1999 1243 Cosma,
2026 1206 2215 1239 Ruthenen.

622 1262 682 1300 di.,
699 1261 848 1301 dispens.
866 1261 903 1291 ut
918 1260 1048 1291 ratione
1066 1259 1163 1290 dictae
1187 1258 1268 1289 eccl.
1286 1266 1352 1289 non
1368 1258 1524 1289 teneatur
1541 1266 1650 1298 usque
1667 1258 1709 1289 ad
1734 1258 1918 1289 triennium
1934 1259 1976 1290 ad
1991 1259 2217 1290 sacerdotium

623 1315 826 1356 promoveri.
845 1313 898 1354 (A.
913 1314 966 1351 22,
982 1313 1006 1344 f.
1024 1313 1085 1344 340
1102 1311 1135 1349 1’;
1158 1311 1194 1343 V.
1212 1312 1263 1348 78,
1281 1320 1333 1351 ep.
1354 1311 1439 1350 669.)

666 1365 806 1398 21509.
827 1385 866 1390 —
881 1366 989 1397 Priori
998 1365 1135 1407 qenerali
1158 1368 1187 1396 et
1210 1364 1361 1404 fratribus
1389 1363 1423 1394 O.
1445 1365 1482 1394 S.
1500 1364 1540 1394 A.
1557 1364 1659 1396 facul.
1677 1364 1863 1404 recipiendi
1881 1373 1915 1395 1x
1929 1364 2002 1396 loca
2020 1365 2056 1395 in
2077 1365 2218 1405 quibus-

623 1430 767 1462 cumque
789 1419 986 1460 provinciis,
1012 1420 1046 1450 et
1068 1418 1154 1449 inibi
1174 1418 1294 1450 domos
1314 1417 1519 1454 aedificandi;
1544 1425 1620 1448 cum
1639 1417 1809 1449 nonnullae
1829 1417 1987 1449 civitates
2007 1419 2040 1449 et
2057 1418 2218 1450 dioeceses

622 1475 767 1507 existant
789 1474 824 1505 in
847 1472 972 1513 quibus
992 1472 1102 1503 dictus
1121 1471 1203 1503 ordo
1227 1470 1360 1502 nullum
1381 1471 1493 1502 locum
1516 1470 1693 1510 proprium
1718 1470 1903 1502 obtinuerit
1926 1470 2087 1503 hactenus
2106 1480 2165 1503 nec
2183 1472 2219 1502 in

622 1528 879 1570 praesentiarum
897 1526 999 1557 etiam
1017 1525 1178 1557 obtineat.
1201 1525 1254 1564 (A.
1271 1525 1322 1561 22,
1339 1524 1363 1554 f.
1380 1524 1441 1556 389
1457 1528 1488 1560 ὃ,
1510 1523 1543 1554 V.
1559 1525 1608 1561 78,
1627 1532 1678 1562 ep.
1694 1525 1779 1562 676.)

667 1578 807 1611 21510.
823 1596 859 1601 -
879 1577 1039 1610 Guillelmo
1061 1578 1219 1618 archiep.o
1238 1576 1362 1607 Remen.
1380 1576 1574 1616 indulgetur
1588 1578 1625 1608 ut
1639 1586 1670 1606 vi
1688 1585 1759 1617 cap.
1773 1585 1833 1607 seu
1849 1576 1929 1607 cler.
1949 1577 2014 1613 sui,
2034 1577 2108 1608 suis
2122 1577 2218 1608 fami-

622 1634 767 1666 liaribus
794 1632 969 1672 obsequiis
991 1631 1201 1667 insistentes,
1224 1638 1333 1670 usque
1357 1630 1399 1661 ad
1422 1629 1611 1661 triennium
1638 1629 1769 1661 fructus
1790 1629 1900 1661 benef.
1929 1638 2067 1661 suorum
2090 1630 2219 1670 integre

622 1687 822 1728 percipiant.
840 1703 877 1708 —
894 1686 920 1717 I.
941 1694 970 1717 e.
988 1694 1033 1716 m.
1050 1684 1126 1715 abb.
1146 1685 1290 1715 monast.
1308 1692 1336 1714 s.
1352 1683 1505 1714 Nichasii
1530 1683 1684 1720 Remen.,
1703 1683 1735 1713 et
1758 1683 1883 1714 decano
1909 1682 2099 1720 Ebroicen„
2115 1691 2152 1714 ac
2170 1692 2220 1714 ar-

624 1741 711 1773 chid.
729 1740 973 1779 Rothomagen.
993 1738 1072 1769 eccl.
1092 1738 1142 1777 (A.
1157 1738 1210 1773 22,
1227 1737 1248 1768 f.
1268 1738 1326 1768 395
1342 1742 1370 1772 “;
1397 1736 1434 1768 V.
1450 1738 1499 1774 78,
1518 1745 1570 1776 ep.
1589 1737 1674 1775 709.)

667 1791 805 1824 21511.
822 1811 860 1816 -
878 1791 1039 1824 Guillelmo
1059 1790 1186 1822 Lassala
1205 1790 1341 1822 collatio
1364 1789 1499 1829 paroch.
1528 1789 1609 1821 eccl.
1636 1789 1676 1820 de
1702 1790 1902 1829 Lostangas‚
1925 1789 2138 1820 Lemovicen.
2160 1790 2217 1829 di.,

623 1856 694 1879 vac.
714 1855 773 1886 per
798 1845 1046 1877 assecutionem
1067 1844 1200 1884 paroch.
1219 1844 1299 1874 eccl.
1325 1843 1365 1874 de
1383 1843 1599 1880 Floressano,
1626 1842 1802 1874 Caturcen.
1829 1842 1888 1879 di.,
1914 1843 2001 1873 auct.
2028 1842 2092 1873 litt.
2110 1844 2218 1882 apost.

625 1900 809 1933 Guillelmo
826 1900 866 1930 de
881 1898 1089 1930 Tribubonis
1105 1897 1257 1934 collatae3
1274 1905 1341 1927 non
1355 1896 1442 1927 obst.
1458 1896 1493 1926 in
1511 1896 1592 1927 eccl.
1609 1904 1636 1926 s.
1654 1895 1852 1932 salvatoris,
1869 1895 2048 1927 Carnoten.
2064 1895 2123 1932 di.,
2141 1904 2220 1935 quo-

623 1954 701 1985 dam
726 1953 873 1992 simplici
891 1951 1001 1982 benef.
1020 1951 1071 1989 (18
1093 1951 1115 1981 1.
1138 1951 1190 1989 t.).
1211 1968 1246 1973 -
1266 1950 1291 1980 Ι.
1312 1958 1340 1981 e.
1364 1958 1407 1980 m.
1427 1957 1503 1988 ep.o
1521 1948 1703 1984 Tutellen.,
1728 1950 1761 1979 et
1778 1948 1853 1979 abb.
1880 1949 2024 1980 monast.
2052 1948 2219 1985 Belliloci,

623 2007 837 2039 Lemovicen.
856 2005 916 2041 di.,
941 2013 978 2036 ac
1002 2013 1088 2044 mag.
1105 2003 1241 2044 Hugoni
1261 2002 1491 2043 Dengolisma,
1508 2011 1580 2033 can.
1601 2002 1813 2033 Xanctonen.
1830 2001 1910 2033 eccl.
1928 2001 1978 2039 (A.
1999 2002 2051 2038 22,
2064 2001 2092 2041 f.
2113 2003 2171 2033 306
2190 2001 2219 2037 b;

629 2060 663 2091 V.
680 2061 731 2097 78,
746 2068 798 2099 ep.
815 2059 899 2098 716.)

667 2110 811 2143 21512.
829 2130 868 2135 -
886 2110 1046 2143 Guillelmo
1062 2110 1220 2151 archiep.o
1237 2110 1359 2140 Remea.
1379 2109 1574 2149 indulgetur
1592 2110 1628 2140 ut
1644 2109 1724 2140 eccl.
1746 2110 1778 2139 et
1799 2108 1989 2140 coemeteria
2004 2108 2130 2139 violata
2143 2116 2221 2139 sua-

624 2175 700 2199 rum
716 2166 809 2198 civit.
827 2167 858 2197 et
877 2166 922 2196 di.
940 2173 1000 2204 per
1019 2164 1124 2195 alium
1145 2163 1365 2195 reconciliare
1387 2162 1498 2194 valeat
1515 2170 1624 2202 usque
1642 2162 1684 2192 ad
1700 2161 1896 2192 triennium.
1920 2161 1972 2199 (A.
1994 2162 2046 2199 22,
2069 2161 2092 2191 f.
2119 2162 2179 2191 310
2191 2166 2220 2199 ⁸3

629 2221 662 2252 V.
682 2221 733 2256 78,
751 2228 803 2259 ep.
823 2219 907 2257 744.)

667 2270 806 2303 21513.
823 2290 863 2295 -
887 2271 1000 2303 Jacobo
1021 2270 1057 2301 de
1079 2269 1208 2306 Nineve,
1227 2269 1349 2301 rectori
1374 2269 1508 2309 paroch.
1533 2268 1614 2299 eccl.
1633 2268 1674 2299 de
1693 2267 1898 2304 Galmardis,
1922 2268 2138 2299 Cameracen.
2161 2267 2221 2304 di.,

623 2335 718 2367 prov.
737 2334 855 2358 canon.
874 2325 954 2356 eccl.
971 2324 1160 2364 Trajecten.
1179 2322 1243 2354 sub
1257 2331 1352 2362 exsp.
1371 2321 1495 2361 praeb.;
1512 2330 1578 2353 non
1595 2321 1682 2353 obst.
1702 2321 1791 2362 quod
1812 2329 1914 2360 super
1936 2320 2038 2352 certis
2057 2328 2173 2351 canon.
2190 2321 2222 2351 et

623 2379 726 2420 praeb.
753 2379 833 2411 eccl.
861 2387 889 2409 s.
915 2377 1076 2417 Dionysii
1098 2376 1272 2413 Leodien.,
1296 2377 1383 2406 auct.
1412 2376 1520 2414 apost.
1541 2374 1608 2414 ipsi
1633 2374 1780 2411 collatis,
1805 2373 1894 2413 apud
1918 2374 1953 2410 S.
1980 2373 2021 2404 A.
2044 2373 2165 2412 litiget.
2184 2389 2224 2395 --

623 2433 651 2465 I.
668 2442 696 2465 e.
715 2442 760 2464 m.
781 2441 809 2463 s,
829 2432 948 2463 CruciS
972 2433 1005 2462 et
1023 2439 1051 2462 s.
1076 2429 1218 2461 Joannis
1234 2428 1393 2459 Leodien.
1408 2428 1557 2464 decanis,
1581 2435 1618 2458 ac
1640 2427 1765 2458 Busolo
1791 2427 1830 2457 de
1846 2427 1980 2463 Parma,
2009 2426 2108 2466 Papae
2135 2434 2221 2465 cap„

624 2495 697 2518 can.
714 2486 899 2518 Tornacen.
917 2485 998 2516 eccl.
1014 2484 1065 2524 (A.
1086 2485 1138 2520 22,
1160 2482 1184 2514 f.
1201 2483 1262 2514 425
1277 2481 1307 2518 ¹³3
1332 2480 1364 2512 V.
1380 2481 1430 2516 78,
1447 2489 1501 2520 ep.
1521 2481 1605 2519 841.)

668 2536 804 2570 21514.
822 2557 860 2561 -
878 2538 918 2570 Ν,
936 2548 964 2568 υ.
982 2537 1147 2574 Ludovico,
1161 2535 1264 2566 comiti
1284 2534 1494 2568 clarimontis,
1515 2533 1688 2564 indultum
1706 2534 1742 2564 ut
1758 2542 1780 2563 x
1796 2532 1875 2563 cler.
1892 2531 2001 2563 famil.
2020 2531 2074 2562 sui
2094 2531 2222 2562 fructus

625 2593 776 2625 omnium
799 2591 909 2624 benef.
937 2599 1076 2622 suorum
1093 2589 1220 2629 absque
1243 2587 1427 2619 residentia
1455 2587 1497 2617 ad
1522 2586 1793 2626 quinquennium
1819 2584 1992 2624 percipere
2017 2584 2160 2624 possint.
2184 2600 2222 2605 —

624 2647 650 2678 I.
669 2655 699 2678 e.
719 2655 764 2678 m.
785 2654 860 2686 ep.o
878 2644 1118 2680 Silvanecten.,
1138 2643 1170 2674 et
1194 2650 1221 2672 S.
1239 2640 1399 2680 Dionysii
1422 2640 1458 2670 in
1479 2639 1634 2676 Francia,
1662 2638 1828 2670 Parisien.
1849 2637 1908 2675 di.,
1931 2645 1968 2668 ac
1989 2645 2016 2668 s.
2043 2635 2222 2668 Genovefae

624 2699 790 2731 Parisien.
808 2699 953 2730 monast.
971 2695 1165 2729 abbatibus.
1182 2695 1234 2735 (A.
1251 2695 1302 2732 23,
1322 2693 1345 2724 f.
1361 2695 1420 2725 567
1437 2697 1465 2728 ει;
1487 2692 1522 2724 V.
1542 2694 1591 2730 79,
1608 2700 1660 2731 ep.
1678 2690 1790 2730 2478.)

668 2749 808 2783 21515.
829 2768 866 2774 —
883 2750 1067 2788 Moli-tmen„
1085 2749 1124 2780 B.
1141 2748 1183 2780 M.
1198 2747 1234 2779 de
1253 2746 1437 2779 castellione
1449 2754 1543 2786 super
1556 2745 1708 2776 Secanam
1724 2747 1751 2774 et
1773 2753 1797 2775 s.
1814 2741 1974 2774 Michaelis
1988 2741 2024 2772 de
2041 2739 2221 2771 Tornodoro

624 2809 752 2837 monast.
767 2805 850 2843 abb„
868 2804 1041 2844 Linqonen.
1059 2802 1116 2840 di.,
1127 2802 1240 2834 mand.
1257 2802 1294 2832 ut
1309 2800 1413 2832 citent
1426 2797 1590 2830 coramP.
1608 2798 1646 2829 P.
1663 2797 1852 2828 Aubertum
1865 2795 1990 2827 dictum
2006 2794 2046 2826 de
2059 2794 2220 2833 Creceyo,

625 2859 737 2900 presb.
756 2859 942 2899 Lingonen.
960 2857 1019 2893 di.,
1034 2864 1094 2896 qul
1108 2855 1242 2895 paroch
1260 2854 1340 2885 eccl.
1355 2853 1396 2884 de
1407 2852 1589 2891 Chreceyo,
1603 2850 1711 2891 ejusd.
1726 2850 1786 2886 di.,
1803 2857 1862 2888 per
1878 2847 2112 2879 dimissionem
2125 2846 2222 2878 Petri

625 2912 814 2949 Danrocha,
836 2911 935 2951 Juxta
957 2909 1092 2941 constit.
1123 2917 1225 2948 super
1246 2906 1369 2947 plural.
1390 2904 1501 2936 benef.
1526 2913 1597 2935 vac.
1619 2904 1651 2934 et
1674 2911 1731 2942 per
1756 2902 1794 2933 P.
1819 2902 1856 2932 P.
1879 2900 2012 2940 AEgidio
2029 2899 2221 2931 Bourdonis

626 2965 797 3002 collatam,
808 2964 879 3004 Jam
894 2972 954 3003 per
969 2972 1012 2993 vn
1033 2970 1140 2994 annos
1161 2961 1357 3000 occupatam
1374 2958 1512 2989 detinet.
1529 2957 1594 2994 Qui
1611 2956 1748 2996 quidem
1767 2953 1949 2990 Aubertus,
1970 2952 2049 2983 dum
2065 2960 2221 2991 procura·

565 3010 567 3012 ¹
626 3020 679 3051 tor
696 3018 777 3050 dicti
799 3017 948 3058 AEgidii'
941 3025 976 3047 in
998 3014 1251 3055 possessionem
1269 3012 1380 3052 ipsius
1402 3007 1771 3046 ammittebatur‚fa1s0
1789 3015 1825 3038 se
1840 3006 1896 3046 Jus
1912 3007 1946 3036 in
1961 3005 2050 3036 dicta
2065 3005 2144 3036 eccl.
2162 3004 2221 3036 ha-
