2592 3562
367 317 428 347 384

396 407 499 434 Datum
522 400 707 435 Avenione.

436 719 477 747 23
491 719 558 747 maii
576 717 662 748 1325.

452 766 482 798 (x
501 763 560 791 kal.
578 762 654 799 jun.)

469 808 500 835 Τ.
518 808 551 841 X,
568 807 626 834 XII.

508 880 545 908 Ut
566 888 589 907 s.

470 925 501 952 Τ.
518 925 551 958 X,
567 923 625 950 XII.

509 1039 543 1067 Ut
562 1047 586 1066 s.

481 1085 512 1112 T.
533 1083 615 1111 XXX.

507 1253 545 1280 Ut
560 1261 583 1279 s.

479 1297 511 1325 Τ.
533 1296 604 1324 XVI.

506 1412 542 1439 Ut
558 1420 581 1439 s.

449 1457 481 1485 T.
498 1457 545 1489 XI,
563 1456 635 1483 XIII.

502 1623 539 1651 Ut
554 1631 578 1650 s.

447 1668 477 1695 T.
495 1668 541 1702 XI,
557 1667 629 1694 XIII.

499 1783 534 1810 Ut
552 1791 575 1810 s.
616 1782 619 1785 '

444 1828 475 1854 'P.
496 1828 542 1860 XI,
562 1827 634 1855 XIII.

494 2049 530 2077 Ut
550 2058 574 2076 s.

441 2094 472 2120 T.
490 2094 536 2128 xl,
551 2093 626 2122 xm.

493 2263 529 2290 Ut
548 2271 571 2290 8.

471 2307 503 2335 Τ.
526 2307 590 2334 11¹¹.

417 2633 457 2661 24
471 2636 539 2662 maii
555 2634 644 2663 1325.

425 2681 467 2712 (ιι
486 2679 546 2706 kal.
562 2679 638 2715 jun.)

438 2723 468 2750 T.
488 2723 534 2758 XI,
554 2723 626 2752 XIII.

1618 0 1634 15 st
1668 0 1676 10 r
1719 0 1727 7 ι
1742 0 1763 16 ,e
1809 0 2119 29 ”*‘7·”FWW‡„,
2155 21 2157 23 Ι
2178 7 2185 13 Δ.
2256 5 2268 22 ι,
2299 12 2316 22 ...Ἰ
2336 13 2337 17 ,

769 313 942 345 JOANNIS
965 313 1084 344 PAPAE
1106 313 1208 346 xxn.
1233 314 1483 354 (1316-1834).
1501 332 1540 338 —-
1562 314 1749 347 LITTERAE
1771 315 1997 348 COMMUNES

794 514 860 546 qua
880 506 1106 546 praesentibus
1127 506 1289 538 litteratis
1309 508 1342 538 et
1366 506 1567 542 illitteratis,
1589 506 1802 547 sapientibus
1821 508 1854 539 et
1871 507 2116 549 insipientibus
2138 509 2222 550 quid
2237 509 2327 551 juris
2349 510 2396 543 eIt

793 559 965 599 quaeritur,
984 560 1016 591 et
1037 559 1127 599 quod
1147 559 1349 591 dictaverint
1364 568 1424 600 pro
1441 559 1610 591 sententia
1627 559 1804 597 retinetur,
1824 562 1941 593 eontra
1955 561 2127 601 justitiam
2143 562 2393 596 condemnavit.

793 629 831 634 —
845 612 871 643 I.
886 621 915 643 e.
930 621 976 644 m.
997 612 1170 644 Patavien.
1185 614 1216 645 et
1228 612 1404 644 Brixinen.
1422 613 1521 652 ep.is‚
1539 621 1577 644 ac
1587 612 1664 644 abb.
1681 615 1828 645 monast.
1847 614 1883 645 in
1893 613 2202 654 Chremsmunster,
2218 615 2393 648 Patavien.

793 665 839 696 di.
857 665 909 702 (Α.
925 666 964 697 23
977 665 1000 701 ¹,
1018 665 1040 696 f.
1056 667 1116 697 378
1133 666 1162 702 ὓς
1187 665 1220 696 V.
1234 667 1285 702 ’79,
1304 674 1357 706 ep.
1372 666 1479 705 2053.)

836 715 978 748 22419.
995 737 1033 742 -
1047 718 1163 749 Jacobo
1183 723 1256 750 nato
1273 718 1398 749 Notarii
1414 718 1496 749 Loui
1515 727 1610 760 prov.
1627 727 1746 750 canon.
1761 719 1826 751 sub
1841 728 1937 760 exsp.
1953 719 2057 760 praeb.
2073 721 2155 753 ecel.
2171 729 2200 754 s.
2217 721 2395 754 Laurentii

793 771 994 803 Florentini.
1011 781 1048 795 -ι
1067 772 1093 803 I.
1112 781 1140 803 e.
1158 781 1203 803 m.
1221 781 1249 803 s.
1265 772 1359 803 Petri
1378 772 1528 812 Scaragii
1543 773 1577 803 et
1594 780 1620 803 8.
1641 772 1803 812 Stephani
1817 773 1859 804 de
1874 773 2049 806 Florentia
2063 774 2249 814 prioribus,
2269 783 2307 807 ao
2321 774 2395 808 ste·

793 824 903 864 phano
915 826 956 856 de
972 825 1087 863 Prato,
1105 834 1177 857 can.
1194 825 1372 857 Faventin.
1392 825 1473 857 eccl.
1490 825 1543 865 (A.
1560 826 1612 862 23,
1632 825 1655 856 f.
1671 827 1731 857 388
1747 831 1776 863 ²3
1796 825 1829 858 V.
1849 828 1899 863 79,
1915 835 1970 867 ep.
1987 827 2096 868 2108.)

838 875 974 909 22420,
992 896 1031 902 -
1044 879 1157 909 Pontio
1173 878 1305 910 Andreae
1317 878 1354 910 de
1369 879 1454 910 Mota
1472 878 1584 910 collat.
1602 887 1721 910 canon.
1737 879 1802 910 sub
1819 888 1917 920 exsp.
1933 879 2036 920 proeb.
2054 880 2136 912 ecel.
2146 881 2393 914 &stoi-icen.—

792 931 818 962 1.
843 940 872 963 e.
890 941 934 963 m.
952 932 992 963 de
1007 932 1140 969 Bracio,
1156 933 1188 963 et
1211 932 1251 963 de
1265 932 1396 964 Misone
1413 933 1446 963 et
1462 932 1503 963 de
1517 931 1759 964 Tribuscliviis
1783 932 1970 972 prioribus,
1994 933 2181 974 vapincen.
2203 933 2250 965 di.
2266 934 2322 975 (A.
2341 935 2392 973 28,

791 985 816 1016 f.
835 986 893 1016 467
910 985 939 1022 b;
962 985 998 1017 V.
1015 986 1065 1022 79,
1084 994 1136 1025 ep.
1154 985 1260 1024 2203.)

836 1035 977 1068 22421.
994 1057 1033 1062 -
1058 1038 1160 1079 Praep.
1184 1039 1309 1078 Reqen„
1333 1043 1362 1068 et
1377 1037 1497 1070 archid.
1525 1037 1761 1079 Montispensati
1787 1038 1964 1078 Caturcen„
1983 1049 2019 1070 ac
2044 1040 2212 1072 camerario
2232 1039 2391 1072 sarlaten.

790 1090 864 1121 eccl.
882 1091 995 1122 mand.
1015 1093 1052 1123 ut
1071 1092 1241 1123 Ademaro
1267 1091 1411 1127 Causiti,
1434 1091 1514 1123 cler.
1537 1091 1714 1123 Caturcen.
1732 1092 1792 1130 di.,
1809 1092 1983 1124 conferant
2007 1101 2102 1133 perp.
2122 1093 2287 1126 vicariam
2308 1093 2391 1126 ecel.

790 1144 830 1175 de
848 1144 1001 1182 Plasaco,
1019 1153 1045 1175 c.
1058 1153 1100 1181 c.,
1112 1144 1360 1185 Petragorieen.
1377 1144 1437 1182 di.,
1449 1153 1522 1175 vac.
1534 1153 1594 1184 per
1609 1144 1741 1176 obitum
1754 1145 1920 1177 Bernardi
1936 1145 2111 1186 Stephani.
2121 1146 2176 1188 (A.
2186 1147 2238 1185 23,
2254 1146 2278 1178 f.
2288 1147 2350 1180 4⁷8
2359 1151 2390 1184 ’ἱ

796 1196 829 1229 V.
849 1199 899 1235 79,
915 1206 967 1237 ep.
988 1199 1092 1237 2230.)

834 1247 970 1279 22422.
983 1268 1023 1274 -
1041 1250 1254 1291 Manfreducio
1269 1249 1443 1281 Fedesnudi
1459 1249 1587 1282 Gentilis
1603 1250 1640 1281 de
1656 1250 1828 1287 Revellone,
1844 1251 1925 1283 cler.
1945 1252 2159 1284 Camerinen-
2176 1253 2236 1293 di.,
2255 1253 2297 1285 de
2311 1261 2390 1286 cou-

785 1303 901 1343 jugato
919 1305 950 1335 et
963 1304 1074 1335 soluta
1086 1304 1212 1344 genito,
1231 1304 1381 1343 dispens.
1402 1312 1504 1343 super
1519 1303 1652 1335 defectu
1670 1305 1835 1336 natalium
1851 1305 1893 1336 ad
1910 1313 2029 1337 omnes
2046 1306 2118 1338 ord.
2137 1307 2171 1338 et
2187 1305 2391 1339 beneficium

788 1357 890 1387 etiam
913 1365 940 1387 c.
961 1366 989 1387 c.
1007 1356 1058 1396 (A.
1075 1358 1127 1392 23,
1147 1357 1171 1387 f.
1184 1357 1244 1387 484
1259 1356 1289 1392 b,
1319 1356 1352 1388 V.
1377 1358 1428 1394 79,
1445 1365 1498 1396 ep.
1513 1357 1620 1396 2276.)

831 1407 971 1439 22423.
988 1427 1026 1432 -
1043 1409 1207 1440 Francisco
1225 1409 1377 1451 Delphina
1393 1409 1430 1440 de
1452 1410 1580 1441 Venetiis
1597 1410 1710 1442 collat.
1723 1419 1841 1442 canon.
1859 1411 1923 1442 suh
1941 1420 2035 1452 exsp.
2053 1411 2158 1452 praeb.
2173 1412 2254 1444 ecel.
2267 1413 2388 1454 Nigro·

786 1464 922 1502 ponten.
931 1472 940 1498 3
956 1471 1023 1493 non
1042 1462 1129 1493 obst.
1144 1471 1262 1494 canon.
1282 1464 1314 1494 et
1328 1462 1433 1502 praeb.
1453 1463 1639 1495 castellan.
1659 1464 1692 1495 et
1708 1463 1856 1496 Graden.
1875 1464 1956 1495 eccl.
1972 1482 2011 1488 -
2025 1465 2053 1496 Ι.
2067 1473 2099 1496 e.
2113 1473 2161 1496 m.
2177 1464 2305 1497 archid.
2319 1465 2389 1499 Ra-

785 1517 977 1553 vennaten.,
993 1517 1026 1546 et
1048 1515 1243 1554 primicerio
1261 1516 1461 1553 castellan..
1482 1525 1520 1547 ae
1542 1515 1688 1556 plebano
1711 1525 1739 1547 s.
1755 1517 1856 1548 Bassi
1877 1517 1918 1548 de
1938 1517 2106 1557 venetiis,
2127 1518 2311 1551 castellan.
2326 1519 2388 1558 di.,

785 1569 864 1600 ecci.
883 1570 935 1609 (A.
950 1570 1000 1603 23,
1019 1568 1041 1599 f.
1058 1570 1119 1600 532
1135 1568 1165 1605 1³3
1188 1568 1222 1598 V.
1239 1571 1290 1606 79,
1307 1577 1359 1608 ep.
1376 1569 1484 1608 2385.)

829 1619 968 1652 22424.
986 1640 1023 1645 -
1047 1622 1214 1653 Francisco
1236 1622 1415 1663 Braqadini
1430 1622 1466 1653 de
1491 1622 1625 1654 Venetiis
1648 1623 1722 1655 ead.
1746 1623 1855 1664 gratia
1871 1624 1908 1655 in
1929 1624 2010 1656 eccl.
2029 1624 2163 1657 Creten.
2181 1643 2220 1649 --
2237 1625 2264 1657 1.
2288 1633 2318 1658 e.
2339 1634 2386 1660 m.

783 1675 909 1706 archid.
930 1676 1174 1712 Ravennatem,
1199 1676 1232 1707 et
1256 1684 1359 1716 praep.
1377 1676 1573 1716 Kayronen.
1591 1677 1687 1714 eccl„
1710 1685 1748 1708 ao
1773 1676 1919 1717 plebano
1945 1677 2056 1718 plebis
2077 1687 2107 1709 8.
2124 1670 2322 1711 Geminiani
2345 1679 2387 1712 de

783 1728 949 1759 Venetiis.
968 1729 1020 1768 (A.
1041 1730 1091 1765 23,
1109 1728 1132 1759 f.
1148 1730 1208 1760 533
1226 1734 1255 1765 ⁵3
1277 1728 1313 1761 V.
1331 1731 1381 1766 79,
1399 1738 1451 1769 ep.
1472 1729 1579 1769 2386.)

826 1778 965 1811 22425.
983 1799 1022 1804 -
1037 1781 1165 1812 Nicolao
1183 1781 1320 1812 Sauzani
1337 1781 1373 1813 de
1396 1782 1525 1813 Venetiis
1543 1782 1615 1814 ead.
1632 1783 1742 1822 gratia
1756 1783 1792 1814 in
1807 1783 1888 1815 eccl.
1902 1792 1930 1815 s.
1945 1783 2085 1816 Martini
2098 1783 2304 1825 Plebisachi,
2322 1784 2387 1817 Pa·

730 1869 732 1871 ,
781 1835 882 1865 duan.
899 1835 945 1865 di.
954 1844 963 1870 ;
981 1843 1047 1865 non
1070 1834 1156 1866 obst.
1175 1843 1292 1866 canon.
1315 1836 1348 1866 et
1363 1835 1465 1875 praeb.
1486 1835 1671 1868 Castellan.
1689 1837 1723 1868 et
1739 1845 1767 1867 s.
1789 1837 1895 1868 Marci
1909 1837 1951 1868 de
1965 1836 2134 1875 venetiis,
2147 1845 2186 1869 ao
2200 1837 2386 1878 plebanatus

781 1896 809 1918 s.
826 1888 1046 1919 Pantaleonis
1065 1888 1158 1924 ecel„
1176 1888 1360 1919 Castellan.
1380 1888 1425 1920 di.
1448 1907 1482 1912 -
1498 1889 1572 1920 1.'e.
1594 1897 1640 1920 m.
1659 1897 1765 1930 praep.
1781 1889 2027 1926 Ravennatem,
2041 1890 2239 1930 primicerio
2252 1890 2384 1924 Castel-

781 1941 868 1978 Iano,
886 1943 918 1972 et
934 1950 1022 1981 mag.
1038 1941 1138 1973 Gotio
1159 1941 1200 1972 de
1223 1941 1391 1979 Arimino,
1409 1942 1518 1982 ejusd.
1534 1942 1766 1974 Ravennaten.
1783 1943 1864 1974 eccl.
1883 1952 1957 1975 can.
1973 1943 2026 1983 (A.
2043 1944 2095 1982 23,
2110 1943 2135 1974 f.
2150 1945 2212 1976 533
2227 1948 2258 1983 *ς
2281 1943 2316 1977 V.
2329 1946 2383 1984 79,

780 2003 832 2034 ep.
851 1995 959 2033 2387.)

823 2044 964 2077 22426.
984 2065 1023 2070 -
1038 2047 1182 2078 Ber-tucio
1210 2047 1332 2085 Quirini
1358 2047 1394 2078 de
1418 2047 1548 2078 Venetiis
1565 2049 1639 2079 ead.
1656 2048 1766 2089 gratia
1782 2049 1816 2080 in
1838 2049 1920 2081 eccl.
1938 2050 2184 2088 Ravennatem,
2203 2059 2272 2082 non
2291 2050 2381 2083 obst.

779 2109 897 2132 canon.
922 2102 954 2131 et
981 2100 1084 2140 praeb.
1108 2101 1292 2132 castellan.
1317 2102 1350 2132 et
1372 2101 1579 2132 Corinthien.
1601 2101 1682 2133 eccl.
1702 2120 1741 2124 —
1764 2102 1792 2133 Ι.
1821 2111 1851 2133 e.
1871 2111 1916 2134 m.
1935 2111 2012 2142 ep.o
2038 2103 2204 2144 elugien„
2224 2104 2258 2135 et
2274 2103 2383 2144 priori

779 2154 813 2186 S.
830 2154 875 2185 M.
892 2154 927 2184 in
940 2154 1054 2189 Porta,
1074 2155 1306 2186 Ravennatem.
1326 2154 1386 2191 di.,
1397 2163 1435 2185 ae
1452 2163 1540 2195 mag.
1557 2155 1683 2187 Joanni
1700 2155 1741 2186 de
1756 2155 1878 2195 Regin,
1893 2164 1998 2196 praep.
2015 2156 2097 2188 eccl.
2113 2157 2286 2195 Parmen.,
2298 2157 2380 2190 cler.

778 2216 919 2238 camerae
936 2207 1141 2246 apostolicae.
1162 2207 1215 2247 (A.
1235 2209 1287 2245 23,
1307 2208 1328 2238 f.
1346 2208 1406 2238 533
1424 2213 1452 2245 ⁸;
1476 2207 1510 2238 V.
1529 2210 1580 2246 79,
1598 2217 1652 2248 ep.
1665 2208 1775 2248 2388.)

823 2257 958 2290 22427.
972 2278 1011 2283 -
1031 2259 1160 2291 Uber-tus
1176 2260 1211 2291 de
1233 2261 1360 2298 Cesena,
1379 2270 1470 2292 mon.
1488 2262 1634 2293 monast.
1651 2261 1684 2293 S.
1702 2262 1760 2298 M„
1782 2261 1823 2294 O.
1846 2262 1881 2294 S.
1899 2262 1956 2300 A.‚
1974 2263 2206 2294 Ravennatem
2222 2263 2282 2302 di.,
2298 2271 2382 2304 prae-

777 2314 889 2345 ficitur
904 2314 938 2344 in
952 2314 1101 2353 priorem
1118 2316 1264 2345 monast.
1282 2323 1310 2345 s.
1325 2314 1462 2355 Georgii
1476 2323 1580 2354 prope
1596 2314 1801 2352 Ferrariam,
1813 2324 1874 2355 per
1886 2315 2036 2355 priorem
2053 2316 2148 2348 soliti
2159 2315 2252 2356 gub„
2270 2316 2380 2358 eJ'nsd.

777 2367 863 2404 ord„
879 2376 950 2398 vac.
967 2375 1026 2406 per
1047 2367 1179 2398 obitum
1194 2367 1337 2398 Joannis
1356 2368 1396 2398 de
1419 2367 1641 2407 BeccadelliS‚
1661 2368 1851 2400 cessionem
1867 2369 2012 2400 Joannis
2028 2369 2070 2400 de
2084 2369 2251 2408 venetiis,
2269 2369 2382 2410 ipsius

776 2421 921 2452 monast.
940 2429 1025 2458 can.,
1037 2420 1200 2451 inhabilis
1215 2422 1247 2451 et
1262 2420 1404 2461 indigni,
1422 2429 1459 2452 ao
1471 2429 1532 2461 per
1548 2429 1643 2452 conv.
1660 2421 1772 2459 electi,
1787 2423 1820 2453 et
1834 2430 1895 2461 per
1908 2430 2083 2453 recessum
2094 2431 2114 2453 a
2129 2422 2236 2461 curia,
2251 2422 2380 2464 absque

775 2473 924 2511 licentia,
949 2474 1056 2513 ejusd.
1082 2473 1202 2506 Uberti
1228 2473 1269 2504 ab
1294 2482 1370 2513 ep.0
1387 2474 1580 2505 Ferrarien.
1598 2474 1731 2514 provisi
1754 2476 1788 2506 et
1814 2475 2059 2506 Bonaventurae
2080 2483 2141 2515 per
2165 2475 2260 2508 eosd.
2283 2485 2378 2509 oonv.

775 2527 885 2558 electi.
903 2544 941 2549 -
965 2527 992 2557 Ι.
1016 2535 1044 2558 e.
1068 2536 1114 2558 m.
1139 2535 1234 2558 conv.
1258 2527 1340 2558 dicti
1367 2528 1513 2559 monast.
1538 2536 1567 2559 s.
1590 2527 1729 2568 Georgii
1752 2527 1916 2568 praedicti.
1938 2527 1990 2567 (A.
2013 2529 2066 2566 23,
2092 2528 2117 2559 f.
2139 2529 2199 2561 558
2213 2528 2242 2567 ¹’‚·
2272 2529 2310 2562 V.
2326 2531 2378 2567 79,

774 2589 826 2620 ep.
844 2580 948 2618 2441.)

819 2630 959 2663 22428.
978 2650 1017 2655 -
1036 2633 1254 2673 Manfreducio
1280 2632 1451 2663 Fedesnudi
1466 2632 1596 2664 Gentilis
1616 2633 1654 2664 de
1671 2633 1846 2670 Revellone,
1859 2634 1940 2666 cler.
1957 2634 2170 2666 Camerinen.
2188 2635 2248 2674 di.,
2267 2636 2379 2677 gratia

774 2695 870 2726 exsp.
887 2686 999 2718 benef.
1022 2695 1050 2717 c.
1065 2695 1092 2718 c.
1111 2686 1166 2717 vel
1183 2695 1211 2718 s.
1228 2695 1257 2717 o.
1273 2686 1308 2717 in
1326 2686 1417 2718 civit.
1437 2686 1492 2717 vel
1516 2687 1563 2717 di.
1586 2687 1801 2718 camerinen.
1815 2688 1940 2727 pertin.
1957 2688 1999 2718 ad
2023 2687 2137 2721 collat.
2151 2688 2230 2728 ep.i.
2248 2706 2288 2713 —-
2301 2689 2318 2721 1
2345 2698 2375 2722 e.

772 2749 819 2771 m.
838 2739 913 2771 abb.
933 2741 1078 2771 monast.
1095 2740 1136 2771 de
1154 2748 1181 2770 s.
1197 2739 1348 2775 Urbano,
1363 2741 1396 2771 et
1411 2739 1571 2771 Tavitulo
1587 2740 1694 2780 priori
1712 2740 1746 2772 S.
1763 2740 1809 2772 M.
1827 2741 1868 2772 de
1885 2740 2099 2778 Treveliano‚
2114 2741 2329 2775 Camerinen.
2343 2747 2377 2776 et

774 2793 855 2825 eccl.
882 2793 1068 2824 Auximan.
1094 2793 1219 2833 quond.
1245 2792 1450 2824 cathedralis
1469 2793 1530 2831 di.,
1558 2801 1596 2824 ac
1617 2793 1763 2824 Taddaeo
1785 2793 2030 2834 Compagnoni,
2054 2803 2128 2826 can.
2153 2795 2264 2827 AEsin.
2292 2796 2374 2829 ecel.

773 2847 828 2887 (Α.
844 2848 897 2884 23,
913 2846 935 2877 f.
953 2847 1014 2878 489
1030 2846 1059 2883 *η
1082 2846 1118 2877 V.
1135 2847 1186 2884 78,
1203 2854 1255 2886 ep.
1269 2847 1355 2885 928.)

805 2971 829 2996 1.
843 2970 878 2995 In
896 2969 1030 3002 margine
1046 2970 1080 2996 R.
1097 2970 1132 2996 A.
1150 2969 1258 3002 legitur
1277 2977 1284 2994 :
1301 2979 1312 2992 ι
1326 2969 1440 2995 Attende
1453 2969 1524 3003 quod
1539 2970 1651 3002 suerunt
1667 2971 1813 3002 reqeslrate
1828 2970 1885 2996 sine
1898 2971 1971 3004 siquo
1990 2971 2203 3002 vicecancellarii,
2221 2973 2284 3006 quia
2297 2974 2375 3000 misse

771 3016 884 3047 suerunt
896 3015 930 3040 de
945 3014 1067 3040 Camera.
1082 3023 1097 3038 ι
