2592 3562
360 318 420 351 192

393 406 497 434 Datum
513 400 692 433 Avenione.

397 508 410 533 1
425 505 508 540 (kal.)
521 507 591 540 sept.
608 502 695 531 1324.

471 549 501 576 T.
518 548 611 575 XXVI.

505 610 542 637 Ut
561 618 585 637 s.

415 654 445 682 T.
462 654 557 688 XXIV,
573 653 667 681 XXVI.

504 929 540 956 Ut
558 937 582 956 s.

447 974 478 1000 T.
498 973 544 1007 xl,
564 973 636 1000 XIII.

509 1195 545 1222 Ut
563 1203 586 1222 s.

489 1239 520 1267 Τ,
541 1239 598 1266 XII.

506 1354 542 1381 Ut
555 1362 578 1381 s.

481 1399 511 1425 T.
532 1398 600 1425 XIV.

503 1513 539 1540 Ut
556 1521 580 1540 s.

479 1557 508 1583 T.
530 1557 599 1584 XVI.

504 1672 538 1700 Ut
558 1681 581 1699 s.

467 1717 497 1744 T.
518 1717 612 1744 XXIV.

396 1984 426 2010 τ.
443 1939 683 2018 ΧΧ)Ι1]1ῑ1,8’1111Χ1ν.

501 2153 537 2180 Ut
554 2161 577 2179 s.

477 2197 507 2223 T.
528 2197 599 2224 XVI.

502 2259 538 2286 Ut
558 2267 581 2286 s.

480 2303 511 2330 Τ.
534 2303 590 2330 ΧΧ.

501 2365 537 2392 Ut
554 2373 578 2392 s.

476 2410 507 2436 T.
528 2409 608 2437 XXX.

502 2472 539 2499 Ut
555 2480 577 2498 s.

489 2516 520 2543 T.
537 2516 592 2543 XX.

506 2578 541 2605 Ut
555 2586 578 2605 s.

468 2622 499 2649 T.
520 2622 615 2650 XXIV.

500 2684 537 2712 Ut
557 2692 580 2711 s.

488 2729 518 2755 T.
540 2729 595 2755 XX.

503 2843 537 2871 Ut
557 2853 580 2872 s.

469 2889 498 2915 T.
520 2889 611 2916 XXVI.

756 311 931 344 JOANNIS
954 311 1072 343 PAPAE
1094 311 1196 343 XXII.
1221 311 1469 351 (1316-1334).
1492 327 1530 333 —
1553 306 1738 339 LITTERAE
1761 305 1987 337 COMMUNES

834 500 968 532 20252.
988 520 1024 526 -
1041 503 1158 534 Joanm‘
1167 501 1205 533 el.
1225 502 1346 532 Trecen.
1366 500 1485 531 indult.
1502 497 1743 530 reconciliandi
1761 505 1820 537 per
1833 497 1939 529 alium
1955 497 2036 529 eccl.
2055 498 2089 529 et
2111 497 2302 529 caemeteria
2315 497 2385 528 vio·

787 556 855 588 lata
873 565 1012 588 suarum
1030 556 1122 587 civit.
1138 558 1170 587 et
1181 555 1226 586 di.
1240 555 1293 595 (A.
1311 555 1362 591 22,
1378 553 1400 584 f.
1418 554 1476 583 115
1492 557 1519 587 ¹³,
1539 550 1573 581 V.
1587 552 1638 588 77,
1657 558 1708 590 ep.
1729 551 1832 589 1815.)
2354 569 2357 571 .

834 606 970 639 20253.
996 628 1033 633 --
1059 608 1217 640 Arnaldus
1233 612 1322 638 natus
1338 605 1450 647 quond.
1472 603 1612 636 Gaseom‘s
1628 602 1663 634 de
1680 602 1808 634 Gim‘aco
1823 603 1861 635 fit
1876 612 1949 635 can.
1967 603 2048 635 eccl.
2070 603 2207 636 Albien.
2223 603 2315 635 ultra
2329 611 2388 635 nu-

787 671 918 694 merum
935 671 1018 694 xxxi
1036 671 1107 693 can.
1130 662 1163 692 in
1189 670 1227 693 ea
1246 662 1332 691 auct.
1349 660 1456 699 apost.
1484 657 1691 695 institutum,
1714 657 1788 688 loco
1810 657 1968 697 Hugouis
1990 656 2032 688 de
2056 657 2259 689 Fandoariis
2275 666 2296 688 a
2313 656 2385 689 Cle-

787 717 899 748 mente
912 716 1004 756 Papa
1019 716 1048 747 V
1065 716 1098 746 in
1113 724 1185 746 can.
1206 713 1313 754 eJusd.
1330 712 1410 744 eccl.
1431 710 1592 747 instituti,
1607 710 1640 741 et
1652 718 1760 750 nuper
1775 710 1865 750 apud
1880 710 2159 749 Roccamauram,
2176 710 2387 743 Avenionen.

787 769 846 806 di.,
862 769 974 800 locum
994 769 1110 808 utique
1126 768 1286 799 Romanae
1309 765 1410 796 curiae
1424 764 1586 799 vicinum,
1607 763 1770 795 defuncti.
1790 781 1829 786 —
1849 763 1876 795 I.
1894 772 1923 795 e.
1942 772 1988 795 m.
2005 763 2176 804 archiep.o
2192 763 2338 804 Aquen„
2354 765 2389 795 et

787 822 863 853 abb.
884 823 1028 853 monast.
1045 822 1085 852 de
1102 821 1276 860 Clayrac0‚
1293 819 1466 858 Agennen.
1484 817 1543 853 di.,
1559 825 1597 848 ac
1617 825 1720 857 praep.
1737 817 1816 848 eccl.
1834 817 1956 849 Riven.
1974 817 2026 856 (A.
2041 818 2094 854 21,
2109 816 2132 848 f.
2149 818 2208 849 345
2221 816 2254 855 ”3
2277 816 2314 848 V.
2336 818 2387 853 77,

787 884 805 907 e
828 873 840 905 '.
860 876 948 907 1825.

807 875 969 957 Ρ20251).
992 947 1029 951 -
1057 926 1170 958 Joanni
1188 930 1258 956 nato
1275 935 1356 965 may.
1373 924 1506 956 Joanm's
1526 923 1563 955 de
1583 922 1708 965 Templo
1723 932 1820 964 prov.
1848 931 1967 955 canon.
1986 922 2051 955 sub
2068 932 2166 964 exsp.
2186 922 2290 964 praeb.
2307 923 2388 955 eccl.

787 982 970 1018 Morinen.;
985 990 1050 1011 non
1068 980 1154 1010 obst.
1173 978 1428 1010 canonicatibus
1442 978 1477 1008 in
1495 977 1722 1009 Silvanecten.
1742 977 1806 1008 sub
1819 985 1915 1016 exsp.
1932 976 2036 1017 praeb.
2054 976 2135 1008 etin
2149 985 2178 1008 s.
2195 976 2334 1008 Martini
2347 977 2388 1008 de

788 1034 984 1074 campellis,
1002 1033 1166 1064 Parisien.
1182 1033 1240 1069 di.,
1257 1031 1338 1063 eccl.
1359 1040 1436 1063 cum
1453 1030 1558 1071 praeb.
1576 1048 1614 1053 —
1633 1030 1702 1062 Le.
1719 1039 1765 1062 m.
1785 1039 1814 1061 s.
1833 1030 1995 1062 Germani
2015 1030 2056 1062 de
2069 1030 2185 1062 Pratis
2203 1038 2309 1071 prope
2323 1030 2388 1062 Pa-

787 1087 893 1119 risius
912 1089 986 1118 ets.
1014 1085 1194 1118 Genovefae
1218 1085 1253 1116 in
1280 1085 1393 1116 Monte
1413 1084 1581 1116 Parisien.
1610 1085 1754 1116 monast.
1786 1083 1875 1121 abb„
1901 1092 1938 1116 ac
1964 1083 2090 1115 decano
2114 1083 2195 1115 eccl.
2219 1083 2387 1115 Parisien.

789 1141 842 1180 (A.
861 1142 910 1176 21,
931 1140 952 1170 f.
974 1141 1028 1170 331
1045 1145 1073 1176 a;
1097 1138 1130 1169 V.
1147 1141 1197 1175 77,
1214 1147 1267 1178 ep.
1284 1138 1389 1177 1830.)

833 1190 967 1222 20255.
985 1209 1022 1214 —
1042 1191 1203 1223 Communi
1217 1195 1245 1221 et
1261 1190 1430 1221 hominibus
1442 1189 1478 1221 de
1493 1189 1660 1228 Modoetia,
1677 1190 1902 1222 Mediolanen.
1918 1190 1978 1228 di.,
1993 1190 2036 1222 R.
2052 1190 2091 1222 E.
2106 1190 2250 1229 devotis,
2269 1189 2388 1222 conflr-

787 1248 923 1278 mantur
945 1254 1061 1276 omnes
1087 1244 1262 1276 libertates
1285 1246 1318 1276 et
1341 1244 1576 1275 immunitates
1597 1244 1638 1275 ab
1657 1243 1922 1283 imperatoribus
1945 1245 1979 1276 et
2002 1243 2140 1284 regibus
2157 1244 2388 1276 Romanorum

786 1309 846 1340 per
863 1299 1042 1339 privilegia
1057 1298 1110 1329 vel
1129 1298 1197 1329 alia
1215 1298 1348 1329 indulta
1363 1306 1543 1330 concessae.
1559 1297 1613 1338 (A.
1637 1299 1688 1335 21,
1709 1297 1732 1328 f.
1747 1299 1806 1329 355
1822 1297 1854 1335 b;
1877 1297 1914 1329 V.
1931 1299 1981 1336 77,
1998 1306 2052 1338 ep.
2071 1298 2176 1338 1855.)

831 1350 966 1382 20256.
993 1370 1030 1375 -—-
1048 1351 1221 1382 Bererando
1237 1362 1261 1383 s.
1278 1351 1418 1382 Marcelli
1433 1351 1536 1392 presb.
1555 1351 1656 1387 card„
1673 1352 1712 1382 A.
1732 1350 1768 1382 S.
1785 1350 1895 1391 leqato,
1915 1351 2030 1383 mand.
2051 1353 2088 1383 ut
2105 1350 2267 1391 approbet
2286 1350 2390 1391 privi-

785 1407 912 1446 legium
935 1405 1104 1436 libertatis
1127 1407 1159 1436 et
1182 1405 1411 1437 immunitatis
1430 1405 1571 1445 praefato
1594 1405 1767 1436 communi
1789 1413 1850 1445 per
1872 1404 1913 1436 cl.
1932 1413 1998 1436 me.
2019 1404 2207 1436 Henricum
2228 1403 2390 1436 ultimum

785 1460 1015 1491 Romanorum
1033 1467 1145 1498 regem
1163 1467 1374 1490 concessum.
1399 1459 1450 1498 (A.
1475 1460 1526 1495 21,
1550 1458 1573 1489 f.
1590 1460 1649 1490 355
1663 1458 1694 1494 '’‘3
1717 1457 1750 1488 V.
1765 1460 1815 1496 77,
1833 1467 1885 1498 ep.
1904 1458 2010 1499 1856.)

830 1510 963 1541 20257.
982 1530 1019 1535 —
1037 1512 1112 1543 ΕΜ.
1131 1512 1243 1544 mand.
1263 1513 1300 1543 ut
1316 1512 1427 1543 eidem
1441 1512 1613 1543 communi
1631 1511 1819 1543 satisfaciat
1834 1512 1874 1543 de
1891 1510 2098 1543 victualibus
2108 1511 2315 1543 ministratis
2331 1511 2392 1543 sti·

784 1566 971 1605 pendiariis
986 1565 1112 1596 ibidem
1130 1565 1356 1597 existentibus
1379 1565 1415 1597 in
1441 1565 1581 1597 servitio
1603 1565 1641 1596 E.
1659 1566 1701 1596 R.
1720 1566 1837 1596 contra
1854 1564 2046 1597 Galeatium
2062 1565 2103 1596 de
2124 1564 2390 1597 VicecomItibus

784 1619 824 1650 de
841 1619 1034 1650 Mediolano
1051 1619 1191 1659 ejusque
1206 1619 1330 1651 fratres
1343 1618 1531 1650 haereticos.
1551 1619 1603 1658 (A.
1620 1620 1671 1656 21,
1688 1618 1712 1649 f.
1735 1620 1795 1650 355
1809 1618 1839 1656 ὓς
1862 1618 1898 1650 V.
1917 1621 1966 1656 77,
1981 1627 2034 1658 ep.
2051 1618 2158 1659 1857.)

830 1670 964 1701 20258.
982 1691 1020 1695 -
1036 1672 1147 1703 Eidem
1163 1672 1277 1704 mand.
1293 1674 1330 1704 ut
1343 1673 1516 1704 communi
1533 1674 1634 1704 terrae
1647 1672 1836 1706 Modoetiae‚
1858 1672 2084 1704 Mediolanen.
2101 1672 2160 1709 di.,
2179 1672 2330 1712 assignet
2347 1671 2388 1704 de

783 1725 883 1757 bonis
899 1726 1138 1757 nonnullorum
1156 1726 1387 1757 habitatorum
1409 1725 1518 1766 ejusd.
1536 1728 1647 1763 terrae,
1672 1727 1760 1757 auct.
1777 1727 1886 1765 apost.
1911 1725 2104 1757 confiscatis
2122 1727 2261 1766 propter
2278 1725 2388 1757 11111116-

784 1780 914 1811 sionem
933 1779 1087 1811 Galeatio
1111 1780 1151 1810 de
1167 1779 1436 1811 Vicecomitibus
1452 1779 1592 1819 ejusque
1608 1779 1772 1810 fratribus
1795 1779 1835 1810 de
1853 1779 2058 1816 Mediolano,
2080 1778 2260 1816 haereticis,
2278 1787 2388 1819 usque

784 1833 824 1864 ad
854 1833 1079 1873 quantitatem
1111 1832 1303 1864 debitorum
1330 1841 1391 1873 pro
1419 1832 1544 1872 quibus
1573 1833 1662 1864 dicto
1689 1833 1859 1864 communi
1883 1833 2052 1864 tenentur.
2080 1832 2134 1871 (A.
2154 1834 2205 1870 21,
2231 1832 2255 1865 f.
2276 1833 2337 1864 363
2353 1831 2387 1870 ὓς

789 1886 824 1918 V.
848 1889 896 1923 77,
919 1895 971 1926 ep.
994 1887 1098 1924 1885.)

828 1937 962 1968 20259.
985 1959 1020 1963 -
1037 1939 1077 1969 Ν.
1091 1950 1119 1970 v.
1137 1939 1291 1970 Ludovico
1305 1940 1408 1970 comiti
1423 1939 1621 1971 Clarimontis
1638 1940 1799 1980 indulget.
1815 1941 1852 1971 ut
1865 1949 1899 1971 v1
1915 1940 1995 1972 cler.
2013 1940 2068 1972 sui
2085 1939 2192 1971 famil.
2209 1941 2243 1972 et
2257 1940 2389 1972 domes-

783 1993 839 2024 tici
856 1993 986 2025 fructus
1002 1994 1154 2024 omnium
1175 1993 1286 2025 benef.
1306 2002 1447 2025 suorum
1461 1994 1591 2034 integre
1616 1993 1807 2033 percipiant
1827 1994 1869 2024 ad
1891 1993 2077 2025 triennium
2093 1993 2222 2034 absque
2237 1993 2388 2025 residen-

782 2047 841 2077 tia.
862 2063 900 2067 —
917 2047 944 2077 I.
960 2055 987 2077 6.
1004 2056 1049 2077 m.
1068 2056 1143 2086 epo
1162 2047 1346 2084 Parisien.,
1363 2048 1395 2078 et
1413 2055 1441 2078 8.
1461 2047 1624 2079 Germani
1645 2047 1686 2078 de
1700 2047 1814 2078 Pratis
1830 2055 1868 2078 ac
1883 2056 1911 2078 s.
1928 2047 2108 2079 Genovefae
2128 2047 2299 2079 Parisien.
2319 2055 2387 2078 mo-

783 2101 870 2130 nast.
889 2099 963 2131 abb.
980 2100 1032 2140 (A.
1048 2101 1098 2137 21,
1115 2101 1137 2131 f.
1155 2102 1213 2132 394
1232 2105 1260 2137 ³,
1287 2100 1324 2131 V.
1346 2102 1395 2138 77,
1415 2109 1467 2140 ep.
1486 2101 1590 2140 1944.)

829 2150 965 2183 20260.
983 2172 1021 2176 -
1039 2154 1113 2185 Eut.
1130 2153 1293 2193 indulget.
1316 2155 1354 2185 ut
1378 2154 1554 2185 confessor
1569 2163 1653 2185 suus
1669 2154 1783 2194 ipsum
1805 2163 1824 2185 a
1839 2154 1999 2193 peccatis,
2020 2154 2280 2195 paenitentiariis
2295 2154 2328 2185 S.
2344 2154 2387 2186 A.

783 2207 978 2244 reservatis,
994 2207 1100 2238 semel
1117 2208 1247 2238 tantum
1265 2207 1441 2238 absolvere
1457 2207 1579 2238 valeat.
1599 2207 1651 2246 (A.
1670 2208 1720 2244 21,
1737 2207 1760 2237 f.
1775 2207 1835 2239 394
1850 2207 1884 2244 ¹³3
1905 2206 1938 2237 V.
1959 2209 2009 2245 77,
2028 2216 2080 2247 ep.
2098 2207 2203 2247 1945.)

829 2257 965 2289 20261.
981 2278 1018 2282 -
1030 2260 1199 2291 Abbatissae
1213 2265 1240 2290 el
1252 2270 1337 2292 conv.
1350 2265 1479 2291 monast.
1495 2270 1518 2290 s.
1539 2260 1638 2292 Clarae
1650 2266 1740 2291 extra
1750 2270 1851 2291 muros
1861 2261 2035 2298 Lectoren.‚
2050 2261 2122 2292 ord.
2133 2261 2241 2301 ejusd.
2252 2262 2387 2299 sanotae,

784 2313 946 2353 indulget.
964 2315 1001 2344 ut
1015 2314 1191 2353 sepultura
1209 2314 1289 2345 eccl.
1309 2314 1417 2354 ejusd.
1435 2315 1581 2346 monast.
1595 2315 1640 2345 sit
1654 2314 1772 2346 libera.
1790 2315 1843 2354 (A.
1860 2316 1910 2352 21,
1929 2314 1952 2345 f.
1968 2316 2028 2347 394
2044 2314 2078 2351 ¹³5
2099 2314 2136 2346 V.
2153 2317 2202 2351 77,
2216 2323 2269 2355 ep.
2285 2314 2391 2355 1947.)

829 2363 962 2395 20262.
992 2385 1029 2389 -
1055 2367 1147 2397 Eisd.
1168 2367 1364 2407 indulgetur
1380 2368 1417 2399 ut
1434 2367 1626 2408 privilegiis
1643 2368 1680 2400 O.
1710 2368 1749 2399 F.
1767 2368 1812 2399 M.
1830 2368 2003 2400 concessis
2018 2368 2070 2399 uti
2084 2368 2230 2408 possint.
2258 2368 2311 2409 (A.
2335 2369 2386 2405 21,

784 2419 807 2452 f.
829 2422 887 2451 394
903 2420 932 2456 ¹³,
956 2420 990 2450 V.
1009 2423 1058 2456 77,
1079 2430 1131 2461 ep.
1149 2420 1253 2460 1948.)

829 2470 965 2502 20263.
983 2492 1020 2496 —
1039 2474 1129 2505 Ez‘sd.
1146 2475 1312 2515 indulget.
1327 2476 1364 2506 ut
1382 2475 1499 2506 nullus
1517 2475 1556 2506 de
1574 2475 1697 2515 legatis
1713 2477 1745 2507 et
1764 2475 1994 2515 eleemosynis
2012 2475 2100 2515 ipsis
2115 2475 2240 2507 oblatis
2256 2476 2388 2517 aliquid

786 2527 920 2566 exigere
937 2527 991 2558 vel
1005 2529 1207 2567 extorquere
1225 2529 1420 2568 praesumat.
1436 2528 1489 2567 (A.
1507 2530 1558 2566 21,
1575 2529 1597 2559 f.
1615 2530 1675 2560 391
1692 2528 1721 2565 ”3
1748 2528 1779 2559 V.
1793 2530 1843 2566 77,
1863 2537 1915 2568 ep.
1936 2529 2044 2568 1949.)

831 2577 966 2609 20264.
983 2599 1019 2603 -
1033 2581 1125 2612 Eisd.
1144 2582 1338 2622 indulgetur
1352 2583 1390 2613 ut
1405 2582 1445 2613 de
1461 2582 1563 2613 terris
1581 2583 1614 2614 et
1629 2581 1908 2622 possessionibus
1922 2582 1996 2614 suis
2010 2582 2159 2614 decimas
2175 2583 2308 2615 solvere
2320 2591 2388 2615 non

786 2634 975 2664 teneantur.
994 2635 1046 2674 (A.
1064 2637 1114 2671 21,
1131 2635 1154 2666 f.
1171 2636 1229 2667 394
1242 2635 1273 2672 ¹¹,-
1295 2634 1328 2666 V.
1348 2637 1397 2673 77,
1418 2644 1470 2675 ep.
1489 2636 1586 2673 1950;
1605 2635 1725 2673 Eubel,
1742 2645 1794 2676 op.
1813 2635 1880 2672 cit„
1896 2637 1920 2667 t.
1937 2636 1980 2673 V,
1996 2644 2029 2675 p.
2045 2637 2115 2674 269,
2134 2645 2167 2667 n.
2185 2637 2245 2668 550
2261 2637 2309 2677 11.)

831 2684 968 2716 20265.
993 2705 1030 2710 -
1051 2688 1140 2718 Eisd.
1166 2689 1330 2729 indulget.
1352 2690 1390 2720 ut
1409 2689 1649 2729 possessiones
1670 2690 1703 2720 et
1717 2688 1806 2720 bona
1821 2697 1895 2729 quae
1917 2689 2125 2720 monialibus
2143 2690 2226 2722 dicti
2239 2691 2384 2722 monast.

786 2740 1019 2780 contigissent,
1037 2742 1066 2772 si
1090 2743 1124 2772 in
1150 2743 1273 2774 saeculo
1297 2742 1555 2778 remansissent,
1572 2743 1687 2782 petere
1709 2743 1741 2773 et
1756 2742 1902 2774 retinere
1926 2742 2072 2774 valeant.
2091 2743 2145 2783 (A.
2165 2745 2216 2781 21,
2239 2744 2262 2775 f.
2283 2744 2386 2781 394¹›;

791 2792 827 2824 V.
847 2795 897 2830 77,
917 2802 968 2833 ep.
989 2796 1080 2832 19513
1096 2795 1217 2834 Eubel,
1235 2795 1300 2827 loco
1319 2796 1422 2833 citato,
1439 2805 1471 2827 n.
1489 2797 1548 2828 550
1561 2797 1604 2835 e.)

832 2843 968 2876 20266.
985 2865 1021 2870 -
1036 2848 1125 2879 Eisd.
1143 2849 1306 2890 indulget.
1323 2851 1359 2881 ut
1375 2849 1417 2880 ad
1437 2849 1690 2889 praestationem
1711 2849 1988 2889 procurationum
2009 2849 2199 2890 legatorum
2226 2851 2260 2882 S.
2276 2851 2318 2883 A.
2333 2850 2388 2884 vel

788 2899 1019 2931 subsidiorum
1036 2911 1326 2943 quorumcumque
1350 2903 1492 2934 minime
1507 2903 1698 2934 teneantur.
1717 2903 1772 2942 (A.
1789 2904 1840 2940 21,
1857 2901 1880 2933 f.
1897 2904 1957 2934 394
1971 2902 2001 2940 b3
2020 2902 2054 2934 V.
2073 2905 2122 2941 77,
2140 2912 2192 2944 ep.
2213 2905 2307 2942 19525
2322 2905 2389 2936 Eu-

786 2951 853 2990 bel,
873 2952 936 2984 loco
950 2954 1055 2992 citato,
1075 2964 1107 2986 n.
1123 2957 1182 2987 550
1199 2956 1236 2996 f.)
