<?xml version="1.0" encoding="UTF-8"?>
<!DOCTYPE html PUBLIC "-//W3C//DTD XHTML 1.0 Transitional//EN"
    "http://www.w3.org/TR/xhtml1/DTD/xhtml1-transitional.dtd">
<html xmlns="http://www.w3.org/1999/xhtml" xml:lang="en" lang="en">
 <head>
  <title>
</title>
<meta http-equiv="Content-Type" content="text/html;charset=utf-8" />
  <meta name='ocr-system' content='tesseract 3.04.00' />
  <meta name='ocr-capabilities' content='ocr_page ocr_carea ocr_par ocr_line ocrx_word'/>
</head>
<body>
  <div class='ocr_page' id='page_1' title='image "./lettrescommunes05romeuoft_0225.png"; bbox 0 0 2592 3562; ppageno 0'>
   <div class='ocr_carea' id='block_1_1' title="bbox 383 282 2179 340">
    <p class='ocr_par' dir='ltr' id='par_1_1' title="bbox 383 282 2179 340">
     <span class='ocr_line' id='line_1_1' title="bbox 383 282 2179 340; baseline -0.002 -7"><span class='ocrx_word' id='word_1_1' title='bbox 383 300 636 333; x_wconf 81' lang='lat' dir='ltr'>APPENDICES</span> <span class='ocrx_word' id='word_1_2' title='bbox 658 300 714 330; x_wconf 88' lang='lat' dir='ltr'>AD</span> <span class='ocrx_word' id='word_1_3' title='bbox 736 282 930 331; x_wconf 70' lang='lat' dir='ltr'>OCTAVUM</span> <span class='ocrx_word' id='word_1_4' title='bbox 952 299 1146 330; x_wconf 87' lang='lat' dir='ltr'>BULLARII</span> <span class='ocrx_word' id='word_1_5' title='bbox 1167 299 1340 331; x_wconf 88' lang='lat' dir='ltr'>JOANNIS</span> <span class='ocrx_word' id='word_1_6' title='bbox 1362 300 1453 330; x_wconf 86' lang='lat' dir='ltr'>XXII</span> <span class='ocrx_word' id='word_1_7' title='bbox 1476 300 1634 331; x_wconf 89' lang='lat' dir='ltr'>ANNUM.</span> <span class='ocrx_word' id='word_1_8' title='bbox 1657 318 1696 323; x_wconf 95' lang='lat'>—</span> <span class='ocrx_word' id='word_1_9' title='bbox 1717 300 1954 340; x_wconf 74' lang='lat'>(1816-1334)</span> <span class='ocrx_word' id='word_1_10' title='bbox 2121 300 2179 330; x_wconf 72' lang='lat'>2¹5</span> 
     </span>
    </p>
   </div>
   <div class='ocr_carea' id='block_1_2' title="bbox 0 0 347 3562">
    <p class='ocr_par' dir='ltr' id='par_1_2' title="bbox 0 0 347 3562">
     <span class='ocr_line' id='line_1_2' title="bbox 0 0 347 3562; baseline 0 -3086"><span class='ocrx_word' id='word_1_11' title='bbox 0 0 347 3562; x_wconf 95' lang='lat' dir='ltr'>   </span> 
     </span>
    </p>
   </div>
   <div class='ocr_carea' id='block_1_3' title="bbox 145 489 2182 691">
    <p class='ocr_par' dir='ltr' id='par_1_3' title="bbox 145 489 2182 691">
     <span class='ocr_line' id='line_1_3' title="bbox 145 489 2181 531; baseline -0.001 -7"><span class='ocrx_word' id='word_1_12' title='bbox 145 496 209 529; x_wconf 81' lang='grc'><strong>26,</strong></span> <span class='ocrx_word' id='word_1_13' title='bbox 221 495 261 524; x_wconf 88' lang='grc'><strong>28</strong></span> <span class='ocrx_word' id='word_1_14' title='bbox 272 498 299 523; x_wconf 75' lang='lat' dir='ltr'>et</span> <span class='ocrx_word' id='word_1_15' title='bbox 308 495 349 523; x_wconf 88' lang='grc'>29</span> <span class='ocrx_word' id='word_1_16' title='bbox 359 502 424 528; x_wconf 72' lang='lat' dir='ltr'>any.</span> <span class='ocrx_word' id='word_1_17' title='bbox 442 493 530 522; x_wconf 71' lang='lat'><strong><em>4324.</em></strong></span> <span class='ocrx_word' id='word_1_18' title='bbox 633 489 769 521; x_wconf 82' lang='grc'><strong>20574.</strong></span> <span class='ocrx_word' id='word_1_19' title='bbox 785 509 824 514; x_wconf 89' lang='grc'><strong>-</strong></span> <span class='ocrx_word' id='word_1_20' title='bbox 836 492 998 523; x_wconf 88' lang='lat' dir='ltr'>Instrum.</span> <span class='ocrx_word' id='word_1_21' title='bbox 1010 491 1252 531; x_wconf 83' lang='lat' dir='ltr'>publicationis</span> <span class='ocrx_word' id='word_1_22' title='bbox 1265 500 1486 531; x_wconf 84' lang='lat' dir='ltr'><strong>processuum</strong></span> <span class='ocrx_word' id='word_1_23' title='bbox 1502 493 1617 523; x_wconf 90' lang='lat' dir='ltr'>contra</span> <span class='ocrx_word' id='word_1_24' title='bbox 1631 491 1840 523; x_wconf 86' lang='lat' dir='ltr'>Ludovicum</span> <span class='ocrx_word' id='word_1_25' title='bbox 1853 493 2020 523; x_wconf 81' lang='lat' dir='ltr'>Bavarum</span> <span class='ocrx_word' id='word_1_26' title='bbox 2036 492 2071 522; x_wconf 90' lang='lat' dir='ltr'>in</span> <span class='ocrx_word' id='word_1_27' title='bbox 2089 492 2181 523; x_wconf 87' lang='lat' dir='ltr'>civit.</span> 
     </span>
     <span class='ocr_line' id='line_1_4' title="bbox 589 544 2182 584; baseline -0.001 -7"><span class='ocrx_word' id='word_1_28' title='bbox 589 547 623 577; x_wconf 87' lang='lat' dir='ltr'>ct</span> <span class='ocrx_word' id='word_1_29' title='bbox 637 545 683 576; x_wconf 91' lang='lat' dir='ltr'>di.</span> <span class='ocrx_word' id='word_1_30' title='bbox 700 545 896 581; x_wconf 69' lang='lat' dir='ltr'>civitaten„</span> <span class='ocrx_word' id='word_1_31' title='bbox 912 546 945 576; x_wconf 91' lang='lat' dir='ltr'>et</span> <span class='ocrx_word' id='word_1_32' title='bbox 960 544 1263 576; x_wconf 74' lang='lat' dir='ltr'>communitatibus</span> <span class='ocrx_word' id='word_1_33' title='bbox 1279 545 1429 575; x_wconf 86' lang='lat' dir='ltr'>Firman.</span> <span class='ocrx_word' id='word_1_34' title='bbox 1449 554 1487 575; x_wconf 88' lang='lat' dir='ltr'>ac</span> <span class='ocrx_word' id='word_1_35' title='bbox 1512 546 1603 576; x_wconf 83' lang='lat' dir='ltr'>terra</span> <span class='ocrx_word' id='word_1_36' title='bbox 1628 544 1799 582; x_wconf 82' lang='lat' dir='ltr'>Fabriani,</span> <span class='ocrx_word' id='word_1_37' title='bbox 1830 544 1995 584; x_wconf 88' lang='lat' dir='ltr'>scriptum</span> <span class='ocrx_word' id='word_1_38' title='bbox 2015 553 2102 576; x_wconf 86' lang='lat' dir='ltr'>anno</span> <span class='ocrx_word' id='word_1_39' title='bbox 2116 545 2182 576; x_wconf 92' lang='lat' dir='ltr'>Do-</span> 
     </span>
     <span class='ocr_line' id='line_1_5' title="bbox 588 597 2181 638; baseline -0.001 -8"><span class='ocrx_word' id='word_1_40' title='bbox 588 598 673 630; x_wconf 88' lang='lat' dir='ltr'>mini</span> <span class='ocrx_word' id='word_1_41' title='bbox 691 599 780 635; x_wconf 74' lang='lat'><strong>1324,</strong></span> <span class='ocrx_word' id='word_1_42' title='bbox 797 598 1015 638; x_wconf 86' lang='lat' dir='ltr'>pontificatus</span> <span class='ocrx_word' id='word_1_43' title='bbox 1029 597 1171 628; x_wconf 85' lang='lat' dir='ltr'>Joannis</span> <span class='ocrx_word' id='word_1_44' title='bbox 1189 597 1288 628; x_wconf 89' lang='lat' dir='ltr'>XXII</span> <span class='ocrx_word' id='word_1_45' title='bbox 1302 605 1389 628; x_wconf 89' lang='lat' dir='ltr'>anno</span> <span class='ocrx_word' id='word_1_46' title='bbox 1408 603 1457 628; x_wconf 54' lang='grc' dir='ltr'>ιν</span> <span class='ocrx_word' id='word_1_47' title='bbox 1475 598 1552 637; x_wconf 85' lang='lat' dir='ltr'>(sic),</span> <span class='ocrx_word' id='word_1_48' title='bbox 1570 598 1624 628; x_wconf 88' lang='lat' dir='ltr'>die</span> <span class='ocrx_word' id='word_1_49' title='bbox 1640 598 1809 628; x_wconf 89' lang='lat' dir='ltr'>dominica</span> <span class='ocrx_word' id='word_1_50' title='bbox 1823 599 1872 634; x_wconf 80' lang='grc'>26,</span> <span class='ocrx_word' id='word_1_51' title='bbox 1891 599 1924 629; x_wconf 89' lang='lat' dir='ltr'>et</span> <span class='ocrx_word' id='word_1_52' title='bbox 1941 599 1980 629; x_wconf 85' lang='grc'>28</span> <span class='ocrx_word' id='word_1_53' title='bbox 1996 598 2031 628; x_wconf 91' lang='lat' dir='ltr'>in</span> <span class='ocrx_word' id='word_1_54' title='bbox 2047 597 2133 629; x_wconf 89' lang='lat' dir='ltr'>festo</span> <span class='ocrx_word' id='word_1_55' title='bbox 2152 606 2181 629; x_wconf 90' lang='lat' dir='ltr'>s.</span> 
     </span>
     <span class='ocr_line' id='line_1_6' title="bbox 589 650 2181 691; baseline -0.001 -8"><span class='ocrx_word' id='word_1_56' title='bbox 589 652 785 691; x_wconf 82' lang='lat' dir='ltr'>Augustini,</span> <span class='ocrx_word' id='word_1_57' title='bbox 801 653 834 682; x_wconf 87' lang='lat' dir='ltr'>et</span> <span class='ocrx_word' id='word_1_58' title='bbox 849 652 888 682; x_wconf 80' lang='grc'>29</span> <span class='ocrx_word' id='word_1_59' title='bbox 903 651 939 681; x_wconf 88' lang='lat' dir='ltr'>in</span> <span class='ocrx_word' id='word_1_60' title='bbox 958 650 1045 682; x_wconf 87' lang='lat' dir='ltr'>festo</span> <span class='ocrx_word' id='word_1_61' title='bbox 1062 650 1309 681; x_wconf 85' lang='lat' dir='ltr'>Decollationis</span> <span class='ocrx_word' id='word_1_62' title='bbox 1326 658 1353 680; x_wconf 84' lang='lat' dir='ltr'>s.</span> <span class='ocrx_word' id='word_1_63' title='bbox 1370 651 1512 681; x_wconf 88' lang='lat' dir='ltr'>Joannis</span> <span class='ocrx_word' id='word_1_64' title='bbox 1529 651 1675 690; x_wconf 83' lang='lat' dir='ltr'>augusti.</span> <span class='ocrx_word' id='word_1_65' title='bbox 1693 651 1848 690; x_wconf 85' lang='lat' dir='ltr'>(Armario</span> <span class='ocrx_word' id='word_1_66' title='bbox 1866 650 1902 688; x_wconf 89' lang='lat' dir='ltr'>C,</span> <span class='ocrx_word' id='word_1_67' title='bbox 1919 651 1997 690; x_wconf 84' lang='lat' dir='ltr'>fasc.</span> <span class='ocrx_word' id='word_1_68' title='bbox 2012 653 2063 687; x_wconf 88' lang='lat'>53,</span> <span class='ocrx_word' id='word_1_69' title='bbox 2079 661 2109 680; x_wconf 87' lang='lat' dir='ltr'>n.</span> <span class='ocrx_word' id='word_1_70' title='bbox 2127 653 2165 682; x_wconf 87' lang='lat'>33</span> <span class='ocrx_word' id='word_1_71' title='bbox 2171 660 2181 687; x_wconf 90' lang='lat'>;</span> 
     </span>
    </p>
   </div>
   <div class='ocr_carea' id='block_1_4' title="bbox 230 704 2181 851">
    <p class='ocr_par' dir='ltr' id='par_1_4' title="bbox 230 704 2181 851">
     <span class='ocr_line' id='line_1_7' title="bbox 612 714 677 736; baseline 0.031 -2"><span class='ocrx_word' id='word_1_72' title='bbox 612 714 646 735; x_wconf 68' lang='lat' dir='ltr'>er</span> <span class='ocrx_word' id='word_1_73' title='bbox 671 729 677 736; x_wconf 83' lang='grc'><strong>.</strong></span> 
     </span>
     <span class='ocr_line' id='line_1_8' title="bbox 230 704 2181 832; baseline 0.001 -45"><span class='ocrx_word' id='word_1_74' title='bbox 230 759 459 832; x_wconf 48' lang='grc' dir='ltr'><strong>281αέ9ἦῖ1324</strong></span> <span class='ocrx_word' id='word_1_75' title='bbox 587 714 609 745; x_wconf 73' lang='lat' dir='ltr'><em>p</em></span> <span class='ocrx_word' id='word_1_76' title='bbox 634 704 770 786; x_wconf 47' lang='grc'><strong>210575.</strong></span> <span class='ocrx_word' id='word_1_77' title='bbox 788 775 826 780; x_wconf 89' lang='grc'>-</span> <span class='ocrx_word' id='word_1_78' title='bbox 842 758 928 788; x_wconf 89' lang='lat' dir='ltr'>Item</span> <span class='ocrx_word' id='word_1_79' title='bbox 945 757 982 788; x_wconf 89' lang='lat' dir='ltr'>in</span> <span class='ocrx_word' id='word_1_80' title='bbox 995 756 1118 796; x_wconf 84' lang='lat' dir='ltr'>maj0ri</span> <span class='ocrx_word' id='word_1_81' title='bbox 1136 751 1221 787; x_wconf 52' lang='lat' dir='ltr'>ecclss</span> <span class='ocrx_word' id='word_1_82' title='bbox 1234 756 1327 787; x_wconf 88' lang='lat' dir='ltr'>civit.</span> <span class='ocrx_word' id='word_1_83' title='bbox 1344 756 1562 787; x_wconf 83' lang='lat' dir='ltr'>Vulturariae.</span> <span class='ocrx_word' id='word_1_84' title='bbox 1582 756 1740 794; x_wconf 81' lang='lat' dir='ltr'>(Armario</span> <span class='ocrx_word' id='word_1_85' title='bbox 1761 756 1794 793; x_wconf 91' lang='lat' dir='ltr'>C,</span> <span class='ocrx_word' id='word_1_86' title='bbox 1813 756 1890 795; x_wconf 83' lang='lat' dir='ltr'>fasc.</span> <span class='ocrx_word' id='word_1_87' title='bbox 1905 758 1956 794; x_wconf 83' lang='lat'>59,</span> <span class='ocrx_word' id='word_1_88' title='bbox 1978 766 2008 786; x_wconf 81' lang='lat' dir='ltr'>n.</span> <span class='ocrx_word' id='word_1_89' title='bbox 2026 758 2064 788; x_wconf 87' lang='lat'>10</span> <span class='ocrx_word' id='word_1_90' title='bbox 2074 767 2083 793; x_wconf 84' lang='lat'>;</span> <span class='ocrx_word' id='word_1_91' title='bbox 2091 767 2181 798; x_wconf 75' lang='lat' dir='ltr'>perq.</span> 
     </span>
     <span class='ocr_line' id='line_1_9' title="bbox 277 808 760 851; baseline -0.002 -10"><span class='ocrx_word' id='word_1_92' title='bbox 277 812 296 831; x_wconf 76' lang='grc' dir='ltr'><strong>Π</strong></span> <span class='ocrx_word' id='word_1_93' title='bbox 318 824 325 831; x_wconf 89' lang='grc'><em>·</em></span> <span class='ocrx_word' id='word_1_94' title='bbox 396 808 419 833; x_wconf 78' lang='lat'>⁸·</span> <span class='ocrx_word' id='word_1_95' title='bbox 588 811 760 851; x_wconf 65' lang='lat' dir='ltr'>magnum.)</span> 
     </span>
    </p>
   </div>
   <div class='ocr_carea' id='block_1_5' title="bbox 162 861 2185 1011">
    <p class='ocr_par' dir='ltr' id='par_1_5' title="bbox 162 861 2185 1011">
     <span class='ocr_line' id='line_1_10' title="bbox 182 861 2185 903; baseline 0 -9"><span class='ocrx_word' id='word_1_96' title='bbox 182 867 321 902; x_wconf 81' lang='lat' dir='ltr'>Scriptum</span> <span class='ocrx_word' id='word_1_97' title='bbox 334 866 451 901; x_wconf 83' lang='lat' dir='ltr'>Neapoli</span> <span class='ocrx_word' id='word_1_98' title='bbox 465 865 511 892; x_wconf 81' lang='lat' dir='ltr'>die</span> <span class='ocrx_word' id='word_1_99' title='bbox 634 861 769 893; x_wconf 81' lang='grc'><strong>20576.</strong></span> <span class='ocrx_word' id='word_1_100' title='bbox 786 882 824 887; x_wconf 91' lang='lat'>-</span> <span class='ocrx_word' id='word_1_101' title='bbox 841 864 970 895; x_wconf 84' lang='lat' dir='ltr'>Littera</span> <span class='ocrx_word' id='word_1_102' title='bbox 986 862 1365 903; x_wconf 44' lang='lat' dir='ltr'>Ingerrannivarchiepj</span> <span class='ocrx_word' id='word_1_103' title='bbox 1384 862 1534 902; x_wconf 84' lang='lat' dir='ltr'>Capuani</span> <span class='ocrx_word' id='word_1_104' title='bbox 1552 869 1618 901; x_wconf 86' lang='lat' dir='ltr'>qua</span> <span class='ocrx_word' id='word_1_105' title='bbox 1637 864 1767 893; x_wconf 86' lang='lat' dir='ltr'>certum</span> <span class='ocrx_word' id='word_1_106' title='bbox 1782 863 1909 902; x_wconf 85' lang='lat' dir='ltr'>Papam</span> <span class='ocrx_word' id='word_1_107' title='bbox 1923 862 2002 893; x_wconf 85' lang='lat' dir='ltr'>facit</span> <span class='ocrx_word' id='word_1_108' title='bbox 2017 863 2058 893; x_wconf 88' lang='lat' dir='ltr'>de</span> <span class='ocrx_word' id='word_1_109' title='bbox 2072 863 2185 902; x_wconf 90' lang='lat' dir='ltr'>publi—</span> 
     </span>
     <span class='ocr_line' id='line_1_11' title="bbox 162 909 2183 957; baseline -0.001 -8"><span class='ocrx_word' id='word_1_110' title='bbox 162 913 253 947; x_wconf 59' lang='grc' dir='ltr'>ΜΘΝ·</span> <span class='ocrx_word' id='word_1_111' title='bbox 265 912 278 938; x_wconf 73' lang='lat'><em>⁴</em></span> <span class='ocrx_word' id='word_1_112' title='bbox 283 910 353 943; x_wconf 67' lang='lat'>324³</span> <span class='ocrx_word' id='word_1_113' title='bbox 366 910 424 938; x_wconf 86' lang='lat' dir='ltr'>ind.</span> <span class='ocrx_word' id='word_1_114' title='bbox 433 909 531 937; x_wconf 55' lang='lat' dir='ltr'>vm*</span> <span class='ocrx_word' id='word_1_115' title='bbox 581 918 720 949; x_wconf 59' lang='lat' dir='ltr'>‘catione</span> <span class='ocrx_word' id='word_1_116' title='bbox 736 925 958 957; x_wconf 86' lang='lat' dir='ltr'>processuum</span> <span class='ocrx_word' id='word_1_117' title='bbox 973 918 1090 948; x_wconf 88' lang='lat' dir='ltr'>contra</span> <span class='ocrx_word' id='word_1_118' title='bbox 1104 916 1316 947; x_wconf 90' lang='lat' dir='ltr'>Ludovicum</span> <span class='ocrx_word' id='word_1_119' title='bbox 1336 917 1506 947; x_wconf 87' lang='lat' dir='ltr'>Bavarum</span> <span class='ocrx_word' id='word_1_120' title='bbox 1521 916 1556 946; x_wconf 88' lang='lat' dir='ltr'>in</span> <span class='ocrx_word' id='word_1_121' title='bbox 1577 924 1638 946; x_wconf 89' lang='lat' dir='ltr'>sua</span> <span class='ocrx_word' id='word_1_122' title='bbox 1657 915 1793 946; x_wconf 87' lang='lat' dir='ltr'>civitate</span> <span class='ocrx_word' id='word_1_123' title='bbox 1821 915 1874 946; x_wconf 92' lang='lat' dir='ltr'>die</span> <span class='ocrx_word' id='word_1_124' title='bbox 1899 916 1938 946; x_wconf 78' lang='lat'>20</span> <span class='ocrx_word' id='word_1_125' title='bbox 1950 915 2035 954; x_wconf 62' lang='lat' dir='ltr'>Jun„</span> <span class='ocrx_word' id='word_1_126' title='bbox 2053 916 2121 946; x_wconf 89' lang='lat' dir='ltr'>ind.</span> <span class='ocrx_word' id='word_1_127' title='bbox 2138 919 2183 947; x_wconf 74' lang='lat'>7³.</span> 
     </span>
     <span class='ocr_line' id='line_1_12' title="bbox 589 968 1768 1011; baseline -0.003 -9"><span class='ocrx_word' id='word_1_128' title='bbox 589 970 747 1011; x_wconf 86' lang='lat' dir='ltr'>(Armario</span> <span class='ocrx_word' id='word_1_129' title='bbox 765 970 801 1008; x_wconf 90' lang='lat' dir='ltr'>C,</span> <span class='ocrx_word' id='word_1_130' title='bbox 819 970 896 1010; x_wconf 84' lang='lat' dir='ltr'>fasc.</span> <span class='ocrx_word' id='word_1_131' title='bbox 913 971 964 1007; x_wconf 87' lang='grc'>60,</span> <span class='ocrx_word' id='word_1_132' title='bbox 984 979 1016 999; x_wconf 90' lang='lat' dir='ltr'>n.</span> <span class='ocrx_word' id='word_1_133' title='bbox 1034 971 1074 1006; x_wconf 79' lang='lat'>83</span> <span class='ocrx_word' id='word_1_134' title='bbox 1091 979 1181 1010; x_wconf 75' lang='lat' dir='ltr'>per-9.</span> <span class='ocrx_word' id='word_1_135' title='bbox 1195 979 1324 1009; x_wconf 84' lang='lat' dir='ltr'>parvum</span> <span class='ocrx_word' id='word_1_136' title='bbox 1347 978 1413 999; x_wconf 83' lang='lat' dir='ltr'>cum</span> <span class='ocrx_word' id='word_1_137' title='bbox 1432 968 1534 1008; x_wconf 74' lang='lat' dir='ltr'>siyillo</span> <span class='ocrx_word' id='word_1_138' title='bbox 1551 978 1625 999; x_wconf 84' lang='lat' dir='ltr'>cerae</span> <span class='ocrx_word' id='word_1_139' title='bbox 1641 968 1768 1009; x_wconf 74' lang='lat' dir='ltr'>rubeae.)</span> 
     </span>
    </p>
   </div>
   <div class='ocr_carea' id='block_1_6' title="bbox 189 1021 2187 1273">
    <p class='ocr_par' dir='ltr' id='par_1_6' title="bbox 189 1021 2187 1273">
     <span class='ocr_line' id='line_1_13' title="bbox 240 1021 2183 1062; baseline 0.001 -11"><span class='ocrx_word' id='word_1_140' title='bbox 240 1024 260 1051; x_wconf 84' lang='lat'><em>2</em></span> <span class='ocrx_word' id='word_1_141' title='bbox 273 1027 344 1059; x_wconf 77' lang='lat' dir='ltr'>sept.</span> <span class='ocrx_word' id='word_1_142' title='bbox 361 1023 450 1052; x_wconf 72' lang='grc'><strong>4324.</strong></span> <span class='ocrx_word' id='word_1_143' title='bbox 635 1021 770 1052; x_wconf 86' lang='grc'><strong>20577.</strong></span> <span class='ocrx_word' id='word_1_144' title='bbox 790 1041 828 1046; x_wconf 91' lang='grc'>-</span> <span class='ocrx_word' id='word_1_145' title='bbox 843 1024 1006 1054; x_wconf 89' lang='lat' dir='ltr'>Instrum.</span> <span class='ocrx_word' id='word_1_146' title='bbox 1023 1026 1060 1054; x_wconf 92' lang='lat' dir='ltr'>ut</span> <span class='ocrx_word' id='word_1_147' title='bbox 1078 1031 1119 1059; x_wconf 80' lang='lat' dir='ltr'>s.,</span> <span class='ocrx_word' id='word_1_148' title='bbox 1137 1032 1170 1054; x_wconf 89' lang='lat' dir='ltr'>n.</span> <span class='ocrx_word' id='word_1_149' title='bbox 1189 1024 1300 1059; x_wconf 77' lang='lat'><strong>20573,</strong></span> <span class='ocrx_word' id='word_1_150' title='bbox 1318 1023 1353 1053; x_wconf 87' lang='lat' dir='ltr'>in</span> <span class='ocrx_word' id='word_1_151' title='bbox 1367 1022 1489 1062; x_wconf 80' lang='lat' dir='ltr'>maJ&#39;ori</span> <span class='ocrx_word' id='word_1_152' title='bbox 1502 1022 1582 1053; x_wconf 86' lang='lat' dir='ltr'>eccl.</span> <span class='ocrx_word' id='word_1_153' title='bbox 1601 1022 1759 1053; x_wconf 80' lang='lat' dir='ltr'>Civitatis</span> <span class='ocrx_word' id='word_1_154' title='bbox 1773 1022 1805 1053; x_wconf 83' lang='lat' dir='ltr'>S.</span> <span class='ocrx_word' id='word_1_155' title='bbox 1831 1022 1956 1053; x_wconf 87' lang='lat' dir='ltr'>Mariae.</span> <span class='ocrx_word' id='word_1_156' title='bbox 1975 1022 2132 1060; x_wconf 84' lang='lat' dir='ltr'>(Armario</span> <span class='ocrx_word' id='word_1_157' title='bbox 2148 1022 2183 1059; x_wconf 91' lang='lat' dir='ltr'>C,</span> 
     </span>
     <span class='ocr_line' id='line_1_14' title="bbox 260 1067 986 1118; baseline -0.001 -11"><span class='ocrx_word' id='word_1_158' title='bbox 260 1067 425 1096; x_wconf 78' lang='lat' dir='ltr'>lnd.vl11·.</span> <span class='ocrx_word' id='word_1_159' title='bbox 588 1078 668 1118; x_wconf 75' lang='lat' dir='ltr'>fasc.</span> <span class='ocrx_word' id='word_1_160' title='bbox 683 1079 734 1113; x_wconf 81' lang='lat'>59,</span> <span class='ocrx_word' id='word_1_161' title='bbox 756 1087 788 1109; x_wconf 76' lang='grc' dir='ltr'>η.</span> <span class='ocrx_word' id='word_1_162' title='bbox 809 1079 865 1113; x_wconf 86' lang='lat'>13;</span> <span class='ocrx_word' id='word_1_163' title='bbox 882 1077 986 1117; x_wconf 70' lang='lat' dir='ltr'>perq.)</span> 
     </span>
     <span class='ocr_line' id='line_1_15' title="bbox 189 1128 2187 1171; baseline -0.002 -9"><span class='ocrx_word' id='word_1_164' title='bbox 189 1135 294 1162; x_wconf 81' lang='lat' dir='ltr'>Datum</span> <span class='ocrx_word' id='word_1_165' title='bbox 313 1128 496 1162; x_wconf 80' lang='lat' dir='ltr'>Avenione.</span> <span class='ocrx_word' id='word_1_166' title='bbox 634 1128 772 1160; x_wconf 87' lang='grc'><strong>20578.</strong></span> <span class='ocrx_word' id='word_1_167' title='bbox 786 1147 824 1153; x_wconf 92' lang='grc'>-</span> <span class='ocrx_word' id='word_1_168' title='bbox 838 1130 1008 1171; x_wconf 79' lang='lat' dir='ltr'>Archiep.o</span> <span class='ocrx_word' id='word_1_169' title='bbox 1025 1129 1173 1161; x_wconf 82' lang='lat' dir='ltr'>Gnezn&#39;en.</span> <span class='ocrx_word' id='word_1_170' title='bbox 1193 1130 1318 1170; x_wconf 81' lang='lat' dir='ltr'>ejusque</span> <span class='ocrx_word' id='word_1_171' title='bbox 1328 1129 1532 1169; x_wconf 76' lang='lat' dir='ltr'>suffraqanez&#39;s</span> <span class='ocrx_word' id='word_1_172' title='bbox 1543 1129 1636 1169; x_wconf 91' lang='lat' dir='ltr'>Papa</span> <span class='ocrx_word' id='word_1_173' title='bbox 1647 1129 1759 1159; x_wconf 91' lang='lat' dir='ltr'>mand.</span> <span class='ocrx_word' id='word_1_174' title='bbox 1773 1130 1811 1159; x_wconf 92' lang='lat' dir='ltr'>ut</span> <span class='ocrx_word' id='word_1_175' title='bbox 1822 1129 1994 1168; x_wconf 84' lang='lat' dir='ltr'>publicent</span> <span class='ocrx_word' id='word_1_176' title='bbox 2006 1137 2187 1168; x_wconf 88' lang='lat' dir='ltr'>processus</span> 
     </span>
     <span class='ocr_line' id='line_1_16' title="bbox 255 1179 2127 1223; baseline -0.002 -7"><span class='ocrx_word' id='word_1_177' title='bbox 255 1182 435 1210; x_wconf 71' lang='lat' dir='ltr'>Amelll&#39;·</span> <span class='ocrx_word' id='word_1_178' title='bbox 590 1186 707 1216; x_wconf 86' lang='lat' dir='ltr'>contra</span> <span class='ocrx_word' id='word_1_179' title='bbox 721 1184 812 1216; x_wconf 87' lang='lat' dir='ltr'>filios</span> <span class='ocrx_word' id='word_1_180' title='bbox 828 1179 963 1215; x_wconf 84' lang='lat' dir='ltr'>Mathaei</span> <span class='ocrx_word' id='word_1_181' title='bbox 976 1184 1017 1215; x_wconf 86' lang='lat' dir='ltr'>de</span> <span class='ocrx_word' id='word_1_182' title='bbox 1039 1183 1317 1215; x_wconf 82' lang='lat' dir='ltr'>Viceoomitibus.</span> <span class='ocrx_word' id='word_1_183' title='bbox 1337 1183 1498 1223; x_wconf 81' lang='lat' dir='ltr'>(Armario</span> <span class='ocrx_word' id='word_1_184' title='bbox 1522 1181 1559 1220; x_wconf 88' lang='lat' dir='ltr'>C,</span> <span class='ocrx_word' id='word_1_185' title='bbox 1583 1183 1660 1222; x_wconf 80' lang='lat' dir='ltr'>fasc.</span> <span class='ocrx_word' id='word_1_186' title='bbox 1685 1184 1735 1219; x_wconf 76' lang='lat'>42,</span> <span class='ocrx_word' id='word_1_187' title='bbox 1753 1193 1784 1212; x_wconf 91' lang='lat' dir='ltr'>n.</span> <span class='ocrx_word' id='word_1_188' title='bbox 1801 1184 1819 1213; x_wconf 91' lang='lat'>5</span> <span class='ocrx_word' id='word_1_189' title='bbox 1829 1192 1838 1218; x_wconf 88' lang='lat'>;</span> <span class='ocrx_word' id='word_1_190' title='bbox 1852 1192 1942 1222; x_wconf 77' lang='lat' dir='ltr'>perq.</span> <span class='ocrx_word' id='word_1_191' title='bbox 1962 1183 2127 1222; x_wconf 72' lang='lat' dir='ltr'>maynum.)</span> 
     </span>
     <span class='ocr_line' id='line_1_17' title="bbox 302 1235 2187 1273; baseline 0.001 -9"><span class='ocrx_word' id='word_1_192' title='bbox 302 1235 338 1264; x_wconf 84' lang='lat' dir='ltr'>Ut</span> <span class='ocrx_word' id='word_1_193' title='bbox 361 1245 385 1264; x_wconf 80' lang='lat' dir='ltr'>s.</span> <span class='ocrx_word' id='word_1_194' title='bbox 635 1235 771 1267; x_wconf 82' lang='grc'><strong>20579.</strong></span> <span class='ocrx_word' id='word_1_195' title='bbox 796 1255 834 1260; x_wconf 90' lang='grc'>-</span> <span class='ocrx_word' id='word_1_196' title='bbox 849 1238 998 1269; x_wconf 87' lang='lat' dir='ltr'>Joannes</span> <span class='ocrx_word' id='word_1_197' title='bbox 1012 1237 1113 1269; x_wconf 91' lang='lat' dir='ltr'>XXII</span> <span class='ocrx_word' id='word_1_198' title='bbox 1130 1236 1250 1268; x_wconf 85' lang='lat' dir='ltr'>Amelio</span> <span class='ocrx_word' id='word_1_199' title='bbox 1268 1236 1336 1267; x_wconf 85' lang='lat' dir='ltr'><em>abb.</em></span> <span class='ocrx_word' id='word_1_200' title='bbox 1350 1241 1480 1267; x_wconf 80' lang='lat' dir='ltr'>monast.</span> <span class='ocrx_word' id='word_1_201' title='bbox 1508 1246 1532 1266; x_wconf 79' lang='lat' dir='ltr'>s.</span> <span class='ocrx_word' id='word_1_202' title='bbox 1557 1236 1725 1266; x_wconf 72' lang='lat' dir='ltr'>Saturnini</span> <span class='ocrx_word' id='word_1_203' title='bbox 1758 1235 1910 1273; x_wconf 66' lang='lat' dir='ltr'>Tolosam,</span> <span class='ocrx_word' id='word_1_204' title='bbox 1941 1235 2098 1267; x_wconf 85' lang='lat' dir='ltr'>Marchiae</span> <span class='ocrx_word' id='word_1_205' title='bbox 2120 1237 2187 1266; x_wconf 89' lang='lat' dir='ltr'>An-</span> 
     </span>
    </p>
   </div>
   <div class='ocr_carea' id='block_1_7' title="bbox 587 1288 2189 1546">
    <p class='ocr_par' dir='ltr' id='par_1_7' title="bbox 587 1288 2189 1546">
     <span class='ocr_line' id='line_1_18' title="bbox 590 1288 2188 1327; baseline -0.002 -5"><span class='ocrx_word' id='word_1_206' title='bbox 590 1291 736 1323; x_wconf 85' lang='lat' dir='ltr'>conitan.</span> <span class='ocrx_word' id='word_1_207' title='bbox 770 1291 904 1327; x_wconf 86' lang='lat' dir='ltr'>rectori,</span> <span class='ocrx_word' id='word_1_208' title='bbox 933 1291 1071 1322; x_wconf 82' lang='lat' dir='ltr'>mandat</span> <span class='ocrx_word' id='word_1_209' title='bbox 1096 1293 1133 1322; x_wconf 92' lang='lat' dir='ltr'>ut</span> <span class='ocrx_word' id='word_1_210' title='bbox 1161 1291 1202 1321; x_wconf 89' lang='lat' dir='ltr'>de</span> <span class='ocrx_word' id='word_1_211' title='bbox 1230 1290 1373 1322; x_wconf 86' lang='lat' dir='ltr'>Mathaeo</span> <span class='ocrx_word' id='word_1_212' title='bbox 1399 1290 1637 1322; x_wconf 86' lang='lat' dir='ltr'>Trantreducii</span> <span class='ocrx_word' id='word_1_213' title='bbox 1662 1298 1752 1320; x_wconf 88' lang='lat' dir='ltr'>mon.</span> <span class='ocrx_word' id='word_1_214' title='bbox 1770 1289 1916 1320; x_wconf 86' lang='lat' dir='ltr'>monast.</span> <span class='ocrx_word' id='word_1_215' title='bbox 1937 1297 1964 1320; x_wconf 88' lang='lat' dir='ltr'>s.</span> <span class='ocrx_word' id='word_1_216' title='bbox 1980 1288 2131 1321; x_wconf 90' lang='lat' dir='ltr'>Victoris</span> <span class='ocrx_word' id='word_1_217' title='bbox 2147 1289 2188 1319; x_wconf 88' lang='lat' dir='ltr'>de</span> 
     </span>
     <span class='ocr_line' id='line_1_19' title="bbox 591 1342 2187 1382; baseline -0.002 -6"><span class='ocrx_word' id='word_1_218' title='bbox 591 1345 717 1379; x_wconf 87' lang='lat' dir='ltr'>Clusis,</span> <span class='ocrx_word' id='word_1_219' title='bbox 734 1345 773 1376; x_wconf 92' lang='grc' dir='ltr'><strong>Ο.</strong></span> <span class='ocrx_word' id='word_1_220' title='bbox 790 1344 823 1376; x_wconf 89' lang='lat' dir='ltr'>S.</span> <span class='ocrx_word' id='word_1_221' title='bbox 845 1345 897 1381; x_wconf 90' lang='lat' dir='ltr'>B.,</span> <span class='ocrx_word' id='word_1_222' title='bbox 912 1344 1125 1375; x_wconf 89' lang='lat' dir='ltr'>Camerinen.</span> <span class='ocrx_word' id='word_1_223' title='bbox 1142 1344 1202 1381; x_wconf 67' lang='lat' dir='ltr'>di„</span> <span class='ocrx_word' id='word_1_224' title='bbox 1217 1344 1272 1375; x_wconf 88' lang='lat' dir='ltr'>vel</span> <span class='ocrx_word' id='word_1_225' title='bbox 1291 1344 1331 1374; x_wconf 88' lang='lat' dir='ltr'>de</span> <span class='ocrx_word' id='word_1_226' title='bbox 1345 1343 1414 1374; x_wconf 83' lang='lat' dir='ltr'>alia</span> <span class='ocrx_word' id='word_1_227' title='bbox 1428 1351 1574 1382; x_wconf 88' lang='lat' dir='ltr'>persona</span> <span class='ocrx_word' id='word_1_228' title='bbox 1589 1343 1711 1374; x_wconf 81' lang='lat' dir='ltr'>idonea</span> <span class='ocrx_word' id='word_1_229' title='bbox 1727 1342 1904 1382; x_wconf 86' lang='lat' dir='ltr'>provideat</span> <span class='ocrx_word' id='word_1_230' title='bbox 1934 1342 2022 1374; x_wconf 84' lang='lat' dir='ltr'>dicto</span> <span class='ocrx_word' id='word_1_231' title='bbox 2040 1344 2187 1373; x_wconf 83' lang='lat' dir='ltr'>monast.</span> 
     </span>
     <span class='ocr_line' id='line_1_20' title="bbox 590 1395 2189 1437; baseline -0.002 -8"><span class='ocrx_word' id='word_1_232' title='bbox 590 1398 626 1429; x_wconf 88' lang='lat' dir='ltr'>in</span> <span class='ocrx_word' id='word_1_233' title='bbox 643 1399 736 1429; x_wconf 87' lang='lat' dir='ltr'>curia</span> <span class='ocrx_word' id='word_1_234' title='bbox 757 1398 912 1430; x_wconf 83' lang='lat' dir='ltr'>Romana</span> <span class='ocrx_word' id='word_1_235' title='bbox 926 1397 966 1429; x_wconf 87' lang='lat' dir='ltr'>de</span> <span class='ocrx_word' id='word_1_236' title='bbox 978 1397 1055 1437; x_wconf 64' lang='lat' dir='ltr'>¹jure</span> <span class='ocrx_word' id='word_1_237' title='bbox 1070 1406 1155 1434; x_wconf 66' lang='lat' dir='ltr'>vac„</span> <span class='ocrx_word' id='word_1_238' title='bbox 1173 1405 1216 1428; x_wconf 85' lang='lat' dir='ltr'>ex</span> <span class='ocrx_word' id='word_1_239' title='bbox 1233 1405 1272 1428; x_wconf 89' lang='lat' dir='ltr'>eo</span> <span class='ocrx_word' id='word_1_240' title='bbox 1288 1397 1378 1437; x_wconf 88' lang='lat' dir='ltr'>quod</span> <span class='ocrx_word' id='word_1_241' title='bbox 1389 1397 1479 1427; x_wconf 88' lang='lat' dir='ltr'>idem</span> <span class='ocrx_word' id='word_1_242' title='bbox 1493 1398 1603 1427; x_wconf 83' lang='lat' dir='ltr'>rector</span> <span class='ocrx_word' id='word_1_243' title='bbox 1617 1396 1862 1433; x_wconf 81' lang='lat' dir='ltr'>crescentium,</span> <span class='ocrx_word' id='word_1_244' title='bbox 1880 1395 1953 1427; x_wconf 87' lang='lat' dir='ltr'>suis</span> <span class='ocrx_word' id='word_1_245' title='bbox 1972 1395 2189 1435; x_wconf 83' lang='lat' dir='ltr'>exigentibus</span> 
     </span>
     <span class='ocr_line' id='line_1_21' title="bbox 590 1448 2187 1491; baseline -0.002 -9"><span class='ocrx_word' id='word_1_246' title='bbox 590 1451 713 1491; x_wconf 87' lang='lat' dir='ltr'>culpis,</span> <span class='ocrx_word' id='word_1_247' title='bbox 732 1451 1028 1482; x_wconf 85' lang='lat' dir='ltr'>administratione</span> <span class='ocrx_word' id='word_1_248' title='bbox 1049 1451 1160 1490; x_wconf 89' lang='lat' dir='ltr'>ipsius</span> <span class='ocrx_word' id='word_1_249' title='bbox 1177 1452 1322 1482; x_wconf 85' lang='lat' dir='ltr'>monast.</span> <span class='ocrx_word' id='word_1_250' title='bbox 1339 1450 1497 1490; x_wconf 88' lang='lat' dir='ltr'>privavit.</span> <span class='ocrx_word' id='word_1_251' title='bbox 1523 1450 1681 1489; x_wconf 73' lang='lat' dir='ltr'>(Ar-mario</span> <span class='ocrx_word' id='word_1_252' title='bbox 1701 1449 1737 1487; x_wconf 85' lang='lat' dir='ltr'>C,</span> <span class='ocrx_word' id='word_1_253' title='bbox 1753 1449 1830 1489; x_wconf 79' lang='lat' dir='ltr'>fasc.</span> <span class='ocrx_word' id='word_1_254' title='bbox 1847 1451 1899 1486; x_wconf 81' lang='lat'>29,</span> <span class='ocrx_word' id='word_1_255' title='bbox 1916 1459 1949 1479; x_wconf 79' lang='lat' dir='ltr'>n.</span> <span class='ocrx_word' id='word_1_256' title='bbox 1969 1450 2006 1485; x_wconf 84' lang='lat'>8;</span> <span class='ocrx_word' id='word_1_257' title='bbox 2027 1448 2063 1479; x_wconf 83' lang='lat' dir='ltr'>de</span> <span class='ocrx_word' id='word_1_258' title='bbox 2085 1450 2187 1485; x_wconf 84' lang='lat' dir='ltr'>curia;</span> 
     </span>
     <span class='ocr_line' id='line_1_22' title="bbox 587 1504 1285 1546; baseline -0.003 -10"><span class='ocrx_word' id='word_1_259' title='bbox 587 1515 677 1546; x_wconf 70' lang='grc' dir='ltr'><strong>ρετ-9.</strong></span> <span class='ocrx_word' id='word_1_260' title='bbox 694 1504 932 1535; x_wconf 82' lang='lat' dir='ltr'>correctionibus</span> <span class='ocrx_word' id='word_1_261' title='bbox 947 1505 981 1534; x_wconf 84' lang='lat' dir='ltr'>in</span> <span class='ocrx_word' id='word_1_262' title='bbox 1002 1504 1139 1545; x_wconf 72' lang='lat' dir='ltr'>mar-qim</span> <span class='ocrx_word' id='word_1_263' title='bbox 1152 1504 1285 1544; x_wconf 78' lang='lat' dir='ltr'>fruens.)</span> 
     </span>
    </p>
   </div>
   <div class='ocr_carea' id='block_1_8' title="bbox 306 1530 2190 1758">
    <p class='ocr_par' dir='ltr' id='par_1_8' title="bbox 306 1530 2190 1758">
     <span class='ocr_line' id='line_1_23' title="bbox 306 1530 2188 1597; baseline -0.003 -5"><span class='ocrx_word' id='word_1_264' title='bbox 306 1564 344 1592; x_wconf 88' lang='lat' dir='ltr'>Ut</span> <span class='ocrx_word' id='word_1_265' title='bbox 358 1573 382 1592; x_wconf 84' lang='lat' dir='ltr'>s.</span> <span class='ocrx_word' id='word_1_266' title='bbox 636 1555 772 1587; x_wconf 83' lang='grc'><strong>20580.</strong></span> <span class='ocrx_word' id='word_1_267' title='bbox 789 1557 954 1588; x_wconf 83' lang='lat' dir='ltr'>—Eidem</span> <span class='ocrx_word' id='word_1_268' title='bbox 968 1558 1060 1597; x_wconf 86' lang='lat' dir='ltr'>Papa</span> <span class='ocrx_word' id='word_1_269' title='bbox 1074 1557 1211 1589; x_wconf 85' lang='lat' dir='ltr'>mandat</span> <span class='ocrx_word' id='word_1_270' title='bbox 1226 1558 1263 1588; x_wconf 89' lang='lat' dir='ltr'>ut</span> <span class='ocrx_word' id='word_1_271' title='bbox 1281 1558 1428 1588; x_wconf 86' lang='lat' dir='ltr'>monast.</span> <span class='ocrx_word' id='word_1_272' title='bbox 1454 1556 1488 1588; x_wconf 85' lang='lat' dir='ltr'>S.</span> <span class='ocrx_word' id='word_1_273' title='bbox 1506 1557 1552 1588; x_wconf 93' lang='grc' dir='ltr'><strong>Μ.</strong></span> <span class='ocrx_word' id='word_1_274' title='bbox 1577 1557 1617 1588; x_wconf 90' lang='lat' dir='ltr'>de</span> <span class='ocrx_word' id='word_1_275' title='bbox 1634 1556 1749 1593; x_wconf 85' lang='lat' dir='ltr'>Sitria,</span> <span class='ocrx_word' id='word_1_276' title='bbox 1771 1530 1933 1588; x_wconf 85' lang='lat' dir='ltr'>Nucerin.</span> <span class='ocrx_word' id='word_1_277' title='bbox 1950 1556 2009 1591; x_wconf 89' lang='lat' dir='ltr'>di.,</span> <span class='ocrx_word' id='word_1_278' title='bbox 2028 1556 2066 1588; x_wconf 94' lang='lat' dir='ltr'>O.</span> <span class='ocrx_word' id='word_1_279' title='bbox 2084 1557 2117 1587; x_wconf 89' lang='lat' dir='ltr'>S.</span> <span class='ocrx_word' id='word_1_280' title='bbox 2135 1557 2188 1593; x_wconf 88' lang='lat' dir='ltr'>B.,</span> 
     </span>
     <span class='ocr_line' id='line_1_24' title="bbox 591 1609 2190 1651; baseline -0.002 -8"><span class='ocrx_word' id='word_1_281' title='bbox 591 1621 663 1643; x_wconf 88' lang='lat' dir='ltr'>vac.</span> <span class='ocrx_word' id='word_1_282' title='bbox 682 1620 742 1651; x_wconf 91' lang='lat' dir='ltr'>per</span> <span class='ocrx_word' id='word_1_283' title='bbox 758 1611 889 1642; x_wconf 88' lang='lat' dir='ltr'>obitum</span> <span class='ocrx_word' id='word_1_284' title='bbox 905 1610 1066 1643; x_wconf 83' lang='lat' dir='ltr'>Umbaldi</span> <span class='ocrx_word' id='word_1_285' title='bbox 1080 1611 1254 1649; x_wconf 88' lang='lat' dir='ltr'>provideat</span> <span class='ocrx_word' id='word_1_286' title='bbox 1271 1610 1311 1641; x_wconf 94' lang='lat' dir='ltr'>de</span> <span class='ocrx_word' id='word_1_287' title='bbox 1326 1610 1479 1642; x_wconf 85' lang='lat' dir='ltr'>Bandino</span> <span class='ocrx_word' id='word_1_288' title='bbox 1496 1610 1604 1649; x_wconf 84' lang='lat' dir='ltr'>ejusd.</span> <span class='ocrx_word' id='word_1_289' title='bbox 1621 1611 1767 1641; x_wconf 85' lang='lat' dir='ltr'>monast.</span> <span class='ocrx_word' id='word_1_290' title='bbox 1786 1618 1876 1641; x_wconf 91' lang='lat' dir='ltr'>mon.</span> <span class='ocrx_word' id='word_1_291' title='bbox 1889 1609 1944 1641; x_wconf 91' lang='lat' dir='ltr'>vel</span> <span class='ocrx_word' id='word_1_292' title='bbox 1961 1610 2001 1641; x_wconf 91' lang='lat' dir='ltr'>de</span> <span class='ocrx_word' id='word_1_293' title='bbox 2015 1610 2082 1640; x_wconf 89' lang='lat' dir='ltr'>alia</span> <span class='ocrx_word' id='word_1_294' title='bbox 2095 1618 2190 1649; x_wconf 84' lang='lat' dir='ltr'>pers.</span> 
     </span>
     <span class='ocr_line' id='line_1_25' title="bbox 591 1663 2189 1705; baseline -0.002 -9"><span class='ocrx_word' id='word_1_295' title='bbox 591 1666 724 1702; x_wconf 87' lang='lat' dir='ltr'>idonea,</span> <span class='ocrx_word' id='word_1_296' title='bbox 741 1666 853 1696; x_wconf 88' lang='lat' dir='ltr'>amoto</span> <span class='ocrx_word' id='word_1_297' title='bbox 867 1664 1009 1705; x_wconf 86' lang='lat' dir='ltr'>Angelo,</span> <span class='ocrx_word' id='word_1_298' title='bbox 1027 1664 1135 1703; x_wconf 82' lang='lat' dir='ltr'>ejusd.</span> <span class='ocrx_word' id='word_1_299' title='bbox 1156 1665 1301 1695; x_wconf 84' lang='lat' dir='ltr'>monast.</span> <span class='ocrx_word' id='word_1_300' title='bbox 1318 1672 1424 1698; x_wconf 90' lang='lat' dir='ltr'>mon.,</span> <span class='ocrx_word' id='word_1_301' title='bbox 1443 1664 1502 1704; x_wconf 85' lang='lat' dir='ltr'>qui</span> <span class='ocrx_word' id='word_1_302' title='bbox 1521 1672 1557 1694; x_wconf 89' lang='lat' dir='ltr'>se</span> <span class='ocrx_word' id='word_1_303' title='bbox 1573 1664 1608 1694; x_wconf 90' lang='lat' dir='ltr'>in</span> <span class='ocrx_word' id='word_1_304' title='bbox 1626 1663 1744 1695; x_wconf 87' lang='lat' dir='ltr'>eodem</span> <span class='ocrx_word' id='word_1_305' title='bbox 1759 1663 1941 1694; x_wconf 84' lang='lat' dir='ltr'>intrusisse</span> <span class='ocrx_word' id='word_1_306' title='bbox 1959 1663 2094 1694; x_wconf 88' lang='lat' dir='ltr'>dicitur.</span> <span class='ocrx_word' id='word_1_307' title='bbox 2114 1663 2189 1702; x_wconf 88' lang='lat' dir='ltr'>(Ar-</span> 
     </span>
     <span class='ocr_line' id='line_1_26' title="bbox 591 1718 1128 1758; baseline 0 -9"><span class='ocrx_word' id='word_1_308' title='bbox 591 1719 688 1749; x_wconf 83' lang='lat' dir='ltr'>mario</span> <span class='ocrx_word' id='word_1_309' title='bbox 705 1718 741 1756; x_wconf 91' lang='lat' dir='ltr'>C,</span> <span class='ocrx_word' id='word_1_310' title='bbox 757 1718 836 1758; x_wconf 77' lang='lat' dir='ltr'>fase.</span> <span class='ocrx_word' id='word_1_311' title='bbox 857 1720 907 1754; x_wconf 78' lang='lat'>29,</span> <span class='ocrx_word' id='word_1_312' title='bbox 925 1728 956 1748; x_wconf 83' lang='lat' dir='ltr'>n.</span> <span class='ocrx_word' id='word_1_313' title='bbox 973 1720 1010 1754; x_wconf 80' lang='lat'>6;</span> <span class='ocrx_word' id='word_1_314' title='bbox 1025 1719 1128 1758; x_wconf 76' lang='lat' dir='ltr'>perq.)</span> 
     </span>
    </p>
   </div>
   <div class='ocr_carea' id='block_1_9' title="bbox 1356 2037 1426 2089">
    <p class='ocr_par' dir='ltr' id='par_1_9' title="bbox 1356 2037 1426 2089">
     <span class='ocr_line' id='line_1_27' title="bbox 1356 2037 1426 2089; baseline 0 -44"><span class='ocrx_word' id='word_1_315' title='bbox 1356 2037 1426 2089; x_wconf 67' lang='lat' dir='ltr'><strong>V</strong></span> 
     </span>
    </p>
   </div>
   <div class='ocr_carea' id='block_1_10' title="bbox 679 2168 2102 2215">
    <p class='ocr_par' dir='ltr' id='par_1_10' title="bbox 679 2168 2102 2215">
     <span class='ocr_line' id='line_1_28' title="bbox 679 2168 2102 2215; baseline -0.004 -8"><span class='ocrx_word' id='word_1_316' title='bbox 679 2176 912 2207; x_wconf 83' lang='lat' dir='ltr'>Instrumenta</span> <span class='ocrx_word' id='word_1_317' title='bbox 935 2171 1079 2205; x_wconf 77' lang='lat' dir='ltr'>archivii</span> <span class='ocrx_word' id='word_1_318' title='bbox 1097 2171 1208 2205; x_wconf 84' lang='lat' dir='ltr'>Castri</span> <span class='ocrx_word' id='word_1_319' title='bbox 1229 2170 1350 2204; x_wconf 83' lang='lat' dir='ltr'>Sancti</span> <span class='ocrx_word' id='word_1_320' title='bbox 1367 2169 1492 2215; x_wconf 75' lang='lat' dir='ltr'>Anqeli</span> <span class='ocrx_word' id='word_1_321' title='bbox 1511 2170 1597 2203; x_wconf 83' lang='lat' dir='ltr'>anni</span> <span class='ocrx_word' id='word_1_322' title='bbox 1623 2168 1715 2205; x_wconf 66' lang='lat'>1394</span> <span class='ocrx_word' id='word_1_323' title='bbox 1730 2175 1836 2215; x_wconf 84' lang='lat' dir='ltr'>prout</span> <span class='ocrx_word' id='word_1_324' title='bbox 1855 2170 1891 2203; x_wconf 85' lang='lat' dir='ltr'>in</span> <span class='ocrx_word' id='word_1_325' title='bbox 1911 2169 2102 2203; x_wconf 78' lang='lat' dir='ltr'>inventario</span> 
     </span>
    </p>
   </div>
   <div class='ocr_carea' id='block_1_11' title="bbox 1170 2242 1646 2287">
    <p class='ocr_par' dir='ltr' id='par_1_11' title="bbox 1170 2242 1646 2287">
     <span class='ocr_line' id='line_1_29' title="bbox 1170 2242 1646 2287; baseline -0.004 -11"><span class='ocrx_word' id='word_1_326' title='bbox 1170 2242 1417 2287; x_wconf 77' lang='lat' dir='ltr'>&#39;Garampiano</span> <span class='ocrx_word' id='word_1_327' title='bbox 1435 2242 1559 2286; x_wconf 84' lang='lat' dir='ltr'>jacent</span> <span class='ocrx_word' id='word_1_328' title='bbox 1574 2243 1598 2274; x_wconf 83' lang='lat'>².</span> <span class='ocrx_word' id='word_1_329' title='bbox 1643 2264 1646 2268; x_wconf 81' lang='lat'><strong>·</strong></span> 
     </span>
    </p>
   </div>
   <div class='ocr_carea' id='block_1_12' title="bbox 234 2441 2191 2805">
    <p class='ocr_par' dir='ltr' id='par_1_12' title="bbox 246 2441 2190 2540">
     <span class='ocr_line' id='line_1_30' title="bbox 246 2441 2190 2481; baseline -0.003 -3"><span class='ocrx_word' id='word_1_330' title='bbox 246 2451 264 2478; x_wconf 87' lang='lat'><strong>9</strong></span> <span class='ocrx_word' id='word_1_331' title='bbox 283 2454 337 2478; x_wconf 81' lang='lat' dir='ltr'>oct.</span> <span class='ocrx_word' id='word_1_332' title='bbox 359 2450 447 2479; x_wconf 75' lang='grc'><strong>1323.</strong></span> <span class='ocrx_word' id='word_1_333' title='bbox 637 2442 774 2475; x_wconf 86' lang='grc'><strong>20581.</strong></span> <span class='ocrx_word' id='word_1_334' title='bbox 796 2462 834 2468; x_wconf 85' lang='grc'>-</span> <span class='ocrx_word' id='word_1_335' title='bbox 850 2443 992 2476; x_wconf 87' lang='lat' dir='ltr'>Joannis</span> <span class='ocrx_word' id='word_1_336' title='bbox 1008 2443 1107 2475; x_wconf 90' lang='lat' dir='ltr'>XXII</span> <span class='ocrx_word' id='word_1_337' title='bbox 1122 2442 1217 2474; x_wconf 91' lang='lat' dir='ltr'>bulla</span> <span class='ocrx_word' id='word_1_338' title='bbox 1245 2442 1288 2473; x_wconf 89' lang='lat' dir='ltr'>ad</span> <span class='ocrx_word' id='word_1_339' title='bbox 1308 2443 1464 2474; x_wconf 88' lang='lat' dir='ltr'>Bremen.</span> <span class='ocrx_word' id='word_1_340' title='bbox 1490 2441 1699 2481; x_wconf 81' lang='lat' dir='ltr'>archiep.-um</span> <span class='ocrx_word' id='word_1_341' title='bbox 1731 2441 1871 2481; x_wconf 75' lang='lat' dir='ltr'>eiusque</span> <span class='ocrx_word' id='word_1_342' title='bbox 1904 2441 2134 2481; x_wconf 83' lang='lat' dir='ltr'>suffraganeos</span> <span class='ocrx_word' id='word_1_343' title='bbox 2150 2441 2190 2472; x_wconf 89' lang='lat' dir='ltr'>de</span> 
     </span>
     <span class='ocr_line' id='line_1_31' title="bbox 592 2494 1701 2540; baseline -0.006 -9"><span class='ocrx_word' id='word_1_344' title='bbox 592 2499 820 2540; x_wconf 86' lang='lat' dir='ltr'>publicatione</span> <span class='ocrx_word' id='word_1_345' title='bbox 835 2506 1058 2538; x_wconf 84' lang='lat' dir='ltr'>processuum</span> <span class='ocrx_word' id='word_1_346' title='bbox 1076 2498 1192 2528; x_wconf 86' lang='lat' dir='ltr'>contra</span> <span class='ocrx_word' id='word_1_347' title='bbox 1207 2495 1389 2527; x_wconf 84' lang='lat' dir='ltr'>Bavarum.</span> <span class='ocrx_word' id='word_1_348' title='bbox 1408 2495 1461 2535; x_wconf 86' lang='lat' dir='ltr'>(A.</span> <span class='ocrx_word' id='word_1_349' title='bbox 1477 2495 1517 2526; x_wconf 87' lang='lat' dir='ltr'>A.</span> <span class='ocrx_word' id='word_1_350' title='bbox 1536 2494 1701 2531; x_wconf 83' lang='lat' dir='ltr'>Instrum.)</span> 
     </span>
    </p>

    <p class='ocr_par' dir='ltr' id='par_1_13' title="bbox 239 2547 2191 2643">
     <span class='ocr_line' id='line_1_32' title="bbox 239 2547 2189 2587; baseline -0.004 -3"><span class='ocrx_word' id='word_1_351' title='bbox 239 2556 276 2584; x_wconf 73' lang='lat'>18</span> <span class='ocrx_word' id='word_1_352' title='bbox 298 2559 350 2584; x_wconf 81' lang='lat' dir='ltr'>oct.</span> <span class='ocrx_word' id='word_1_353' title='bbox 370 2555 458 2584; x_wconf 73' lang='lat'><em>4323.</em></span> <span class='ocrx_word' id='word_1_354' title='bbox 638 2549 772 2581; x_wconf 90' lang='grc'><strong>20582.</strong></span> <span class='ocrx_word' id='word_1_355' title='bbox 791 2569 829 2574; x_wconf 90' lang='lat'>—</span> <span class='ocrx_word' id='word_1_356' title='bbox 843 2550 986 2582; x_wconf 78' lang='lat' dir='ltr'>Joannis</span> <span class='ocrx_word' id='word_1_357' title='bbox 1001 2550 1103 2582; x_wconf 90' lang='lat' dir='ltr'>XXII</span> <span class='ocrx_word' id='word_1_358' title='bbox 1120 2549 1215 2580; x_wconf 90' lang='lat' dir='ltr'>bulla</span> <span class='ocrx_word' id='word_1_359' title='bbox 1229 2549 1271 2580; x_wconf 88' lang='lat' dir='ltr'>ad</span> <span class='ocrx_word' id='word_1_360' title='bbox 1287 2547 1476 2580; x_wconf 89' lang='lat' dir='ltr'>Robertum</span> <span class='ocrx_word' id='word_1_361' title='bbox 1493 2547 1533 2579; x_wconf 90' lang='lat' dir='ltr'>de</span> <span class='ocrx_word' id='word_1_362' title='bbox 1549 2547 1735 2587; x_wconf 87' lang='lat' dir='ltr'>Albarupe,</span> <span class='ocrx_word' id='word_1_363' title='bbox 1751 2547 1971 2587; x_wconf 88' lang='lat' dir='ltr'>AEgitanien.,</span> <span class='ocrx_word' id='word_1_364' title='bbox 1987 2548 2086 2587; x_wconf 79' lang='lat' dir='ltr'>Papae</span> <span class='ocrx_word' id='word_1_365' title='bbox 2103 2556 2189 2587; x_wconf 66' lang='lat' dir='ltr'>cap„</span> 
     </span>
     <span class='ocr_line' id='line_1_33' title="bbox 593 2600 2191 2643; baseline -0.004 -5"><span class='ocrx_word' id='word_1_366' title='bbox 593 2608 626 2638; x_wconf 87' lang='lat' dir='ltr'>et</span> <span class='ocrx_word' id='word_1_367' title='bbox 634 2607 799 2637; x_wconf 89' lang='lat' dir='ltr'>rectorem</span> <span class='ocrx_word' id='word_1_368' title='bbox 812 2603 1027 2640; x_wconf 88' lang='lat' dir='ltr'>Patrimonii,</span> <span class='ocrx_word' id='word_1_369' title='bbox 1040 2611 1101 2643; x_wconf 89' lang='lat' dir='ltr'>pro</span> <span class='ocrx_word' id='word_1_370' title='bbox 1108 2602 1338 2643; x_wconf 83' lang='lat' dir='ltr'>publicatione</span> <span class='ocrx_word' id='word_1_371' title='bbox 1352 2610 1574 2641; x_wconf 87' lang='lat' dir='ltr'>processuum</span> <span class='ocrx_word' id='word_1_372' title='bbox 1589 2602 1706 2632; x_wconf 87' lang='lat' dir='ltr'>contra</span> <span class='ocrx_word' id='word_1_373' title='bbox 1717 2601 1896 2632; x_wconf 90' lang='lat' dir='ltr'>Bavarum.</span> <span class='ocrx_word' id='word_1_374' title='bbox 1910 2600 1962 2640; x_wconf 84' lang='lat' dir='ltr'>(A.</span> <span class='ocrx_word' id='word_1_375' title='bbox 1974 2600 2014 2631; x_wconf 85' lang='lat' dir='ltr'>A.</span> <span class='ocrx_word' id='word_1_376' title='bbox 2027 2600 2191 2639; x_wconf 73' lang='lat' dir='ltr'>lustrum.)</span> 
     </span>
    </p>

    <p class='ocr_par' dir='ltr' id='par_1_14' title="bbox 234 2653 2188 2805">
     <span class='ocr_line' id='line_1_34' title="bbox 234 2653 2188 2695; baseline -0.002 -7"><span class='ocrx_word' id='word_1_377' title='bbox 234 2661 272 2690; x_wconf 74' lang='grc'><strong>12</strong></span> <span class='ocrx_word' id='word_1_378' title='bbox 287 2670 350 2690; x_wconf 78' lang='lat' dir='ltr'>nov.</span> <span class='ocrx_word' id='word_1_379' title='bbox 371 2661 460 2689; x_wconf 75' lang='grc'><strong>4323.</strong></span> <span class='ocrx_word' id='word_1_380' title='bbox 638 2655 773 2688; x_wconf 85' lang='grc'><strong>20583.</strong></span> <span class='ocrx_word' id='word_1_381' title='bbox 804 2675 843 2680; x_wconf 96' lang='grc'><strong>-</strong></span> <span class='ocrx_word' id='word_1_382' title='bbox 870 2657 1128 2689; x_wconf 85' lang='lat' dir='ltr'>Testamentum</span> <span class='ocrx_word' id='word_1_383' title='bbox 1153 2655 1324 2687; x_wconf 88' lang='lat' dir='ltr'>Dominici</span> <span class='ocrx_word' id='word_1_384' title='bbox 1346 2654 1415 2695; x_wconf 85' lang='lat' dir='ltr'>ep.i</span> <span class='ocrx_word' id='word_1_385' title='bbox 1436 2653 1629 2685; x_wconf 86' lang='lat' dir='ltr'>Methelien.</span> <span class='ocrx_word' id='word_1_386' title='bbox 1654 2653 1691 2684; x_wconf 91' lang='lat' dir='ltr'>in</span> <span class='ocrx_word' id='word_1_387' title='bbox 1711 2662 1776 2693; x_wconf 91' lang='lat' dir='ltr'>quo</span> <span class='ocrx_word' id='word_1_388' title='bbox 1801 2654 1890 2693; x_wconf 86' lang='lat' dir='ltr'>legat</span> <span class='ocrx_word' id='word_1_389' title='bbox 1913 2661 2054 2684; x_wconf 79' lang='lat' dir='ltr'>camerae</span> <span class='ocrx_word' id='word_1_390' title='bbox 2080 2654 2188 2692; x_wconf 88' lang='lat' dir='ltr'>apost.</span> 
     </span>
     <span class='ocr_line' id='line_1_35' title="bbox 593 2706 2187 2753; baseline -0.005 -9"><span class='ocrx_word' id='word_1_391' title='bbox 593 2712 755 2753; x_wconf 87' lang='lat' dir='ltr'>quicquid</span> <span class='ocrx_word' id='word_1_392' title='bbox 771 2711 838 2742; x_wconf 85' lang='lat' dir='ltr'>sibi</span> <span class='ocrx_word' id='word_1_393' title='bbox 854 2710 995 2742; x_wconf 88' lang='lat' dir='ltr'>debetur</span> <span class='ocrx_word' id='word_1_394' title='bbox 1015 2709 1056 2741; x_wconf 85' lang='lat' dir='ltr'>ab</span> <span class='ocrx_word' id='word_1_395' title='bbox 1072 2718 1148 2749; x_wconf 85' lang='lat' dir='ltr'>ep.o</span> <span class='ocrx_word' id='word_1_396' title='bbox 1167 2709 1200 2740; x_wconf 86' lang='lat' dir='ltr'>et</span> <span class='ocrx_word' id='word_1_397' title='bbox 1215 2708 1315 2748; x_wconf 88' lang='lat' dir='ltr'>capit.</span> <span class='ocrx_word' id='word_1_398' title='bbox 1329 2707 1504 2739; x_wconf 87' lang='lat' dir='ltr'>Caminen.</span> <span class='ocrx_word' id='word_1_399' title='bbox 1518 2716 1579 2747; x_wconf 87' lang='lat' dir='ltr'>pro</span> <span class='ocrx_word' id='word_1_400' title='bbox 1591 2706 1821 2738; x_wconf 84' lang='lat' dir='ltr'>satisfactione</span> <span class='ocrx_word' id='word_1_401' title='bbox 1837 2706 2048 2737; x_wconf 89' lang='lat' dir='ltr'>damnorum.</span> <span class='ocrx_word' id='word_1_402' title='bbox 2070 2706 2122 2745; x_wconf 87' lang='lat' dir='ltr'>(A.</span> <span class='ocrx_word' id='word_1_403' title='bbox 2147 2706 2187 2736; x_wconf 86' lang='lat' dir='ltr'>A.</span> 
     </span>
     <span class='ocr_line' id='line_1_36' title="bbox 593 2765 754 2805; baseline 0 -9"><span class='ocrx_word' id='word_1_404' title='bbox 593 2765 754 2805; x_wconf 80' lang='lat' dir='ltr'>Instrum.)</span> 
     </span>
    </p>
   </div>
   <div class='ocr_carea' id='block_1_13' title="bbox 593 2893 2187 3021">
    <p class='ocr_par' dir='ltr' id='par_1_15' title="bbox 593 2893 2187 3021">
     <span class='ocr_line' id='line_1_37' title="bbox 626 2893 2187 2929; baseline -0.004 -4"><span class='ocrx_word' id='word_1_405' title='bbox 626 2900 650 2925; x_wconf 83' lang='lat'>1.</span> <span class='ocrx_word' id='word_1_406' title='bbox 665 2899 733 2924; x_wconf 80' lang='lat' dir='ltr'>Haec</span> <span class='ocrx_word' id='word_1_407' title='bbox 747 2898 867 2924; x_wconf 84' lang='lat' dir='ltr'>indictio</span> <span class='ocrx_word' id='word_1_408' title='bbox 885 2898 1068 2929; x_wconf 81' lang='lat' dir='ltr'>computatur</span> <span class='ocrx_word' id='word_1_409' title='bbox 1084 2896 1241 2922; x_wconf 70' lang='lat' dir='ltr'>secundum</span> <span class='ocrx_word' id='word_1_410' title='bbox 1256 2902 1341 2921; x_wconf 80' lang='lat' dir='ltr'>usum</span> <span class='ocrx_word' id='word_1_411' title='bbox 1355 2901 1490 2927; x_wconf 77' lang='lat' dir='ltr'>graecum,</span> <span class='ocrx_word' id='word_1_412' title='bbox 1506 2895 1584 2920; x_wconf 79' lang='lat' dir='ltr'>sicut</span> <span class='ocrx_word' id='word_1_413' title='bbox 1599 2895 1629 2919; x_wconf 89' lang='lat' dir='ltr'>in</span> <span class='ocrx_word' id='word_1_414' title='bbox 1644 2893 1832 2926; x_wconf 72' lang='lat' dir='ltr'>subsequenti</span> <span class='ocrx_word' id='word_1_415' title='bbox 1846 2893 1944 2919; x_wconf 77' lang='lat' dir='ltr'>littera</span> <span class='ocrx_word' id='word_1_416' title='bbox 1957 2899 1964 2922; x_wconf 72' lang='grc' dir='ltr'>ς</span> <span class='ocrx_word' id='word_1_417' title='bbox 1979 2893 2082 2919; x_wconf 81' lang='lat' dir='ltr'>etenim</span> <span class='ocrx_word' id='word_1_418' title='bbox 2094 2893 2146 2919; x_wconf 80' lang='lat' dir='ltr'>illa</span> <span class='ocrx_word' id='word_1_419' title='bbox 2157 2894 2187 2918; x_wconf 86' lang='lat' dir='ltr'>in</span> 
     </span>
     <span class='ocr_line' id='line_1_38' title="bbox 593 2942 970 2976; baseline -0.005 -7"><span class='ocrx_word' id='word_1_420' title='bbox 593 2944 643 2970; x_wconf 83' lang='lat' dir='ltr'>his.</span> <span class='ocrx_word' id='word_1_421' title='bbox 654 2943 788 2976; x_wconf 81' lang='lat' dir='ltr'>partibus</span> <span class='ocrx_word' id='word_1_422' title='bbox 803 2942 970 2968; x_wconf 81' lang='lat' dir='ltr'>utebantur.</span> 
     </span>
     <span class='ocr_line' id='line_1_39' title="bbox 625 2986 2109 3021; baseline -0.004 -4"><span class='ocrx_word' id='word_1_423' title='bbox 625 2994 650 3018; x_wconf 79' lang='lat'>2.</span> <span class='ocrx_word' id='word_1_424' title='bbox 666 2992 699 3018; x_wconf 89' lang='lat' dir='ltr'>In</span> <span class='ocrx_word' id='word_1_425' title='bbox 714 2991 852 3018; x_wconf 68' lang='lat' dir='ltr'>Ambivio</span> <span class='ocrx_word' id='word_1_426' title='bbox 869 2991 1010 3018; x_wconf 74' lang='lat' dir='ltr'>vaticano</span> <span class='ocrx_word' id='word_1_427' title='bbox 1025 2989 1221 3016; x_wconf 77' lang='lat' dir='ltr'>tantummodo</span> <span class='ocrx_word' id='word_1_428' title='bbox 1236 2989 1422 3021; x_wconf 69' lang='lat' dir='ltr'>repsi-luatur</span> <span class='ocrx_word' id='word_1_429' title='bbox 1437 2989 1632 3014; x_wconf 75' lang='lat' dir='ltr'>instrumenta</span> <span class='ocrx_word' id='word_1_430' title='bbox 1649 2987 1756 3019; x_wconf 75' lang='lat' dir='ltr'>quibus</span> <span class='ocrx_word' id='word_1_431' title='bbox 1771 2986 1949 3018; x_wconf 68' lang='lat' dir='ltr'>praeponitur</span> <span class='ocrx_word' id='word_1_432' title='bbox 1967 2986 2066 3012; x_wconf 80' lang='lat' dir='ltr'>littera</span> <span class='ocrx_word' id='word_1_433' title='bbox 2082 2994 2109 3012; x_wconf 85' lang='lat' dir='ltr'>v.</span> 
     </span>
    </p>
   </div>
  </div>
 </body>
</html>
