2592 3562
204 437 310 464 Datum
331 428 514 462 Avenione.

249 535 286 563 2⁰
300 538 368 570 sept.
388 533 475 561 1324.

251 579 307 616 (xn
324 578 382 606 kal.
400 577 471 613 oct.)

268 624 298 651 T.
317 623 363 656 XI,
383 622 454 649 XIII.

320 693 356 721 Ut
376 701 399 720 s.

223 738 254 765 T.
270 738 306 765 xl
321 738 364 770 ¹l2‚
382 736 443 764 XIII
461 737 502 769 ¹l2·

248 1120 292 1147 22
304 1123 375 1155 sept.
393 1119 480 1147 1324.

269 1165 300 1199 (x
316 1165 375 1192 kal.
396 1163 465 1196 oct.)

293 1210 323 1236 T.
346 1209 439 1236 XXVI.

328 1492 363 1520 Ut
380 1501 403 1520 s.

292 1537 323 1564 Τ.
337 1537 439 1564 LXXX.

328 1758 363 1785 Ut
380 1765 403 1784 s.

313 1802 342 1829 T.
363 1801 417 1828 LX.

257 2129 296 2156 23
310 2132 370 2164 sept
397 2127 483 2155 1324.

271 2178 313 2209 (lx
327 2173 386 2200 kal.
403 2173 474 2208 oct.)

278 2219 310 2246 T.
329 2218 375 2252 xl,
394 2216 466 2244 XIII.

335 2396 372 2423 Ut
392 2405 414 2423 s.

334 2607 370 2635 Ut
390 2615 414 2634 s.

283 2652 314 2679 T.
331 2652 377 2686 xl,
392 2651 462 2679 XIII.

334 2819 370 2846 Ut
393 2827 417 2846 s.

281 2863 316 2890 T.
333 2863 378 2896 XI,
398 2863 468 2890 XIII.

343 2979 378 3006 Ut
397 2987 420 3006 s.

280 3022 316 3050 Τ.
336 3023 382 3057 XI,
401 3023 472 3050 XIII.

571 341 744 373 JOANNIS
768 342 886 372 PAPAE
908 341 1009 372 XXII.
1033 342 1282 382 (1316-1334).
1306 361 1342 365 —
1366 343 1552 374 LITTERAE
1574 344 1797 376 COMMUNES
2128 349 2188 379 227

644 529 781 561 20686.
798 549 836 553 -
853 531 927 562 E'id.
951 532 1088 562 collatio
1113 532 1319 563 decimarum
1348 541 1374 562 s.
1405 533 1579 564 Michaelis
1602 534 1641 565 de
1669 535 1876 567 Castronovo
1897 537 2190 568 Montismirabilis

601 588 632 616 et
645 586 685 616 de
703 585 926 622 Guilabertia,
946 585 980 615 in
997 584 1107 615 benef.
1125 576 1258 615 clericis
1276 586 1387 616 saecul.
1413 586 1580 625 assignari
1603 590 1853 624 consuetarum,
1879 591 1915 620 ut
1939 599 1967 621 s.
1987 591 2189 629 vacantium,

601 638 735 669 Albien.
753 638 798 668 di.
816 655 855 659 —
873 637 900 668 Ι.
918 646 946 668 e.
966 646 1011 667 m.
1031 638 1068 668 ut
1084 645 1112 668 s.
1134 638 1185 675 (A.
1200 639 1249 671 22,
1265 637 1287 667 f.
1306 640 1359 669 101
1381 638 1410 673 b,
1434 638 1465 667 V.
1484 640 1532 676 78,
1550 648 1602 678 ep.
1624 641 1686 677 15.)

645 688 780 720 20687.
797 709 836 714 -
853 691 981 720 Andreae
1004 690 1192 727 Venturucii,
1210 690 1289 721 cler.
1307 691 1478 730 Spoletan.
1506 692 1566 727 di.,
1588 693 1696 731 gratia
1719 702 1812 732 exsp.
1839 693 1947 725 benef.
1968 696 2093 732 saecul„
2110 705 2137 727 o.
2162 705 2190 727 c.

600 745 654 776 vel
671 753 698 775 s.
715 753 756 781 c.,
772 744 907 775 etiamsi
924 743 1029 783 dign„
1046 743 1248 782 personatus
1266 745 1323 775 aut
1339 744 1393 774 off.
1411 744 1524 780 fuerit,
1539 745 1720 775 dummodo
1737 746 1827 785 dign.
1844 747 1879 777 in
1895 748 1987 783 eccl„
2004 748 2038 778 in
2057 757 2123 787 qua
2139 757 2191 779 va-

600 806 676 829 care
693 797 883 836 contigerit,
898 796 1098 836 principalis
1113 805 1179 827 non
1193 796 1328 832 existat,
1350 797 1391 827 ad
1419 797 1494 828 abb.
1522 799 1554 828 et
1577 807 1672 828 conv.
1701 800 1844 830 monast.
1868 800 2015 837 Farfen.,
2035 801 2072 832 O.
2090 801 2122 832 S.
2140 803 2192 838 B.,

600 850 757 882 Sabinen.
773 850 831 886 di.,
849 850 961 881 collat.
978 849 1100 889 pertin.
1111 858 1121 885 3
1139 850 1293 880 cassatur
1309 849 1417 889 gratia
1433 858 1528 889 exsp.
1547 849 1656 881 benef.
1673 851 1795 889 pertin.
1815 852 1857 882 ad
1871 853 1981 883 collat.
2001 854 2068 892 ep.i
2084 854 2193 885 Nuce-

601 904 686 940 rin.;
701 912 767 934 non
783 903 870 934 obst.
891 903 926 933 in
943 903 1023 934 eccl.
1042 911 1070 934 s.
1091 903 1270 933 Fortunati
1285 911 1417 940 canon.,
1434 904 1466 933 et
1483 903 1626 934 ecclesia
1642 913 1668 933 s.
1687 903 1807 943 Angeli
1822 905 1862 935 de
1879 905 1991 936 Casali
2007 906 2047 937 de
2068 907 2194 938 Monte-

602 957 756 994 falconis,
776 957 828 997 (10
847 957 920 987 flor.
938 956 1013 987 auri
1039 964 1107 987 non
1130 955 1397 995 excedentibus),
1427 956 1598 995 Spoletan.
1629 957 1675 987 di.
1694 957 1770 987 -Ι,
1789 965 1818 988 8.
1836 966 1881 987 m.
1901 957 1975 988 abb.
1994 961 2136 990 monast.
2156 960 2196 990 de

602 1010 782 1047 Saxovivo‚
801 1010 1013 1049 Fulginaten.
1032 1009 1090 1046 di.,
1106 1010 1138 1040 et
1156 1008 1281 1040 archid.
1298 1009 1519 1048 Forojulien„
1537 1017 1574 1039 ac
1590 1009 1754 1040 Riccardo
1769 1010 1809 1041 de
1822 1010 2025 1041 Annibaldis
2038 1012 2078 1042 de
2093 1012 2194 1049 Urbe,

604 1072 676 1095 can.
697 1063 897 1094 Lateranen.
914 1063 994 1094 eccl.
1011 1062 1064 1102 (A.
1080 1063 1130 1100 22,
1145 1062 1168 1093 f.
1186 1064 1221 1093 91
1241 1067 1269 1099 ³;
1293 1062 1329 1093 V.
1345 1063 1394 1098 78,
1411 1071 1462 1101 ep.
1478 1063 1561 1100 218.)

649 1113 782 1146 20688.
802 1133 842 1139 -
858 1115 1030 1147 Bertrando
1043 1126 1068 1145 s.
1086 1114 1228 1146 Marcelli
1240 1115 1340 1155 presb.
1358 1115 1457 1151 card„
1473 1116 1512 1145 A.
1525 1115 1561 1145 S.
1575 1115 1686 1156 leqato,
1701 1116 1813 1147 mand.
1828 1118 1865 1147 ut
1880 1117 2053 1148 confirmet
2068 1126 2198 1156 permu-

604 1170 751 1201 tationes
767 1169 874 1201 factas
890 1169 978 1200 inter
992 1168 1067 1200 abb.
1087 1169 1120 1200 et
1135 1177 1232 1200 conv.
1252 1170 1395 1200 monast.
1412 1177 1440 1199 s.
1456 1168 1594 1200 Genesii
1609 1169 1649 1200 de
1670 1169 1830 1207 Bersillo,
1849 1170 1892 1201 ad
1910 1171 1950 1202 R.
1968 1171 2007 1201 Ε.
2024 1170 2118 1202 nullo
2135 1179 2200 1202 me·

606 1223 661 1255 dio
678 1223 815 1263 pertin,
830 1223 868 1255 Ο.
884 1223 917 1255 S.
936 1223 986 1259 B.,
1004 1223 1036 1254 et
1049 1222 1268 1254 Benedictum
1280 1230 1318 1253 ac
1329 1222 1558 1253 Romaninum
1572 1222 1612 1253 de
1624 1222 1760 1253 Zabolis
1775 1223 1909 1258 fratres,
1925 1224 2146 1255 Antoniolum
2160 1225 2200 1255 de

604 1276 757 1308 Notariis
771 1277 811 1308 de
825 1276 981 1315 Berapto,
997 1276 1204 1307 Advocatum
1221 1275 1442 1312 Bernardum,
1458 1275 1691 1306 Exandrinum
1701 1276 1741 1307 de
1752 1276 1935 1308 Advocatis
1950 1277 2085 1314 fratres,
2100 1277 2202 1318 Aloy-

606 1330 696 1361 sium
713 1330 753 1361 de
768 1329 923 1361 Gonzaca
940 1338 977 1360 ac
992 1329 1202 1360 Armandum
1219 1329 1259 1359 de
1280 1329 1421 1360 Bondiis
1443 1329 1483 1360 de
1506 1328 1663 1366 Bersillo‚
1680 1329 1786 1360 laicos
1803 1329 1958 1361 Parmen.
1982 1330 2074 1361 civit.
2093 1331 2124 1362 et
2141 1331 2201 1368 di.,

606 1383 647 1414 de
663 1382 866 1423 quibusdam
881 1381 1158 1422 possessionibus
1172 1382 1313 1413 remotis
1328 1382 1371 1412 ad
1386 1382 1513 1413 dictum
1530 1383 1676 1414 monast.
1702 1383 1820 1422 spect„
1838 1391 1899 1422 pro
1929 1383 2007 1414 aliis
2032 1383 2202 1415 viciniori-

606 1435 681 1467 bus.
700 1436 753 1475 (A.
769 1437 819 1474 22,
837 1435 860 1467 f.
880 1437 937 1467 107
951 1435 985 1472 b;
1007 1435 1038 1465 V.
1057 1435 1105 1473 78,
1124 1444 1176 1475 ep.
1192 1436 1256 1473 43.)

652 1486 785 1518 20689.
808 1507 845 1511 -
859 1489 970 1519 Eidem
986 1487 1130 1519 facultas
1147 1488 1333 1528 recipiendi
1348 1488 1509 1528 resignat.
1524 1488 1756 1528 praepositurae
1771 1489 1851 1520 eccl.
1867 1488 1966 1529 burgi
1982 1490 2059 1521 des.
2076 1491 2201 1529 Domp-

608 1543 699 1580 nino,
715 1543 871 1574 Parmen.
893 1542 950 1581 di.,
968 1543 1000 1572 et
1017 1550 1134 1572 canon.
1153 1550 1191 1572 ac
1208 1541 1310 1581 praeb.
1332 1542 1488 1572 Parmen.
1506 1542 1537 1572 et
1554 1541 1713 1572 Leodien.
1731 1542 1823 1579 ecel„
1841 1551 1901 1582 per
1915 1543 2065 1574 Azonem
2086 1544 2203 1574 natum

608 1596 732 1636 quond.
749 1595 880 1627 Giberti
895 1595 935 1626 de
952 1594 1107 1634 Corrigia
1123 1594 1195 1625 mil.
1215 1594 1416 1631 faciendam,
1433 1596 1466 1625 et
1478 1595 1596 1626 eadem
1610 1594 1720 1626 benef.
1742 1595 1937 1626 conferendi
1950 1596 2009 1627 uni
2025 1597 2079 1627 vel
2097 1596 2202 1636 pluri-

607 1649 671 1680 bus
682 1658 770 1689 pers.
790 1658 849 1688 per
863 1648 974 1679 eumd.
994 1649 1145 1679 Azonem
1163 1648 1392 1685 nominandis,
1410 1648 1545 1679 etiamsi
1563 1657 1679 1679 earum
1698 1648 1803 1679 altera
1820 1648 1988 1680 defectum
2005 1649 2153 1688 patiatur
2169 1650 2203 1680 in

608 1704 716 1734 aetate.
729 1703 782 1741 (A.
800 1703 850 1739 22,
866 1701 901 1732 ff.
917 1701 999 1732 11212
1015 1703 1047 1733 et
1062 1703 1120 1733 267
1137 1706 1167 1739 *ς
1192 1701 1225 1732 V.
1244 1702 1294 1738 78,
1311 1709 1364 1740 ep.
1383 1702 1422 1732 68
1438 1703 1470 1732 et
1483 1703 1568 1740 697.)

654 1753 790 1785 20690.
807 1773 846 1777 -
861 1754 975 1785 Eidem
989 1754 1102 1785 mand.
1122 1756 1158 1786 ut
1176 1755 1206 1785 si
1222 1754 1289 1794 ipsi
1309 1755 1499 1786 constiterit
1516 1755 1606 1794 quod
1622 1755 1807 1786 reservatio
1836 1755 2059 1787 ecclesiarum
2087 1757 2119 1787 et
2133 1764 2203 1787 mo-

609 1810 696 1845 nast.
712 1808 894 1848 provinciae
911 1809 1156 1845 Ravennatem,
1171 1808 1298 1838 dudum
1310 1816 1370 1847 per
1385 1808 1422 1838 P.
1441 1809 1478 1838 P.
1497 1808 1595 1845 facta,
1614 1808 1656 1838 ad
1674 1809 1818 1839 monast.
1837 1808 2040 1846 Fontisvivi,
2061 1809 2201 1840 Cisterc.

610 1862 694 1897 ord„
713 1861 870 1893 Pax-men.
888 1861 947 1899 di.,
966 1870 1002 1892 se
1021 1861 1191 1898 extendat,
1206 1861 1316 1892 eidem
1338 1861 1555 1898 monasterio,
1573 1870 1661 1892 nuno
1688 1861 1819 1892 abbatis
1845 1862 2008 1901 regimine
2031 1862 2204 1899 destituto,

609 1916 649 1946 de
667 1923 813 1955 persona
827 1915 948 1946 idonea
963 1914 1150 1954 provideat,
1171 1914 1322 1954 alioquin
1339 1914 1379 1945 de
1402 1913 1534 1945 duabus
1549 1914 1772 1945 electionibus
1794 1923 1854 1954 per
1882 1914 2034 1954 ejusdem
2059 1916 2202 1946 monast.

610 1978 706 2000 conv.
721 1968 790 2008 jam
806 1967 997 2004 celebratis,
1017 1967 1112 1998 illam
1130 1976 1230 2007 quam
1257 1968 1453 1999 canonicam
1472 1967 1641 1998 invenerit
1667 1968 1866 1999 confirmare
1887 1969 2055 2007 procuret,
2074 1969 2206 2008 reliqna

610 2021 806 2062 reprobata;
824 2021 854 2052 si
870 2023 983 2052 autem
999 2021 1199 2052 electionem
1212 2021 1390 2060 utramque
1405 2021 1518 2051 forsan
1535 2021 1663 2052 cassari
1679 2021 1867 2060 contigerit,
1881 2021 2029 2061 aliquem
2047 2022 2206 2053 idoneum

611 2076 646 2107 in
662 2071 771 2115 ipsius
786 2076 929 2106 monast.
949 2074 1105 2106 abbatem
1120 2074 1292 2114 praeficiat.
1312 2074 1366 2114 (A.
1388 2075 1438 2111 22,
1459 2074 1482 2104 f.
1500 2075 1539 2105 88
1555 2074 1584 2110 ¹³3
1607 2074 1640 2105 V.
1655 2075 1704 2111 78,
1721 2083 1773 2114 ep.
1795 2075 1879 2113 200.)

657 2125 795 2158 20691.
813 2144 851 2149 -—
864 2127 978 2158 loanni
995 2127 1030 2158 de
1047 2127 1180 2158 Boseriis
1198 2127 1333 2158 collatio
1348 2136 1466 2158 canon.
1496 2127 1576 2158 eccl.
1598 2127 1767 2158 Bisuntin.
1793 2127 1855 2158 sub
1882 2136 1977 2167 exsp.
2003 2127 2125 2167 praeb.;
2142 2137 2208 2159 non

613 2181 698 2214 obst.
718 2181 752 2212 in
768 2181 848 2212 eccl.
866 2190 894 2211 s.
909 2180 1052 2211 Joannis
1069 2180 1229 2212 LeodIen.
1243 2189 1360 2211 canon.
1373 2182 1406 2211 et
1421 2180 1537 2220 praeb.,
1554 2189 1591 2211 ac
1606 2182 1715 2220 gratia
1728 2189 1823 2220 exsp.
1841 2180 1951 2212 benef.
1965 2190 1994 2212 c.
2007 2190 2034 2212 c.
2050 2181 2104 2212 vel
2119 2190 2146 2212 s.
2166 2190 2208 2217 c..

615 2235 703 2273 (601.
722 2236 772 2273 t.),
789 2234 830 2265 ad
845 2234 957 2265 collat.
973 2233 1136 2273 archiep-i
1152 2234 1324 2265 Bisuntin.
1340 2252 1378 2257 —
1407 2234 1435 2264 I.
1457 2242 1485 2264 e.
1513 2243 1558 2264 m.
1578 2233 1618 2264 de
1639 2234 1792 2265 Luxovio
1814 2234 1846 2265 et
1873 2234 1913 2265 de
1938 2234 2043 2265 Lutra
2064 2236 2207 2266 monast.

614 2287 702 2323 abb..
720 2288 890 2318 Bisuntin.
907 2287 965 2324 di.,
982 2295 1019 2318 ac
1035 2295 1122 2328 mag.
1138 2287 1239 2318 Petro
1253 2287 1294 2318 de
1309 2287 1451 2327 Vigono,
1469 2296 1541 2318 can.
1559 2287 1755 2324 Novarien.,
1774 2287 1872 2327 Papae
1889 2287 2058 2327 scriptori.
2083 2288 2134 2325 (A.
2158 2289 2208 2325 22,

614 2341 636 2373 f.
658 2343 715 2373 106
731 2341 759 2378 ¹‘;
786 2340 816 2370 V.
834 2342 884 2378 78,
900 2349 953 2380 ep.
966 2341 1032 2379 37.)

659 2391 795 2425 20692.
812 2411 850 2416 -
868 2394 951 2434 Maq.
971 2393 1088 2424 loanni
1103 2393 1235 2431 Morelli,
1254 2393 1292 2424 D.
1313 2394 1364 2432 D„
1385 2394 1604 2425 confirmatur
1619 2393 1755 2425 collatio
1766 2403 1785 2424 a
1797 2393 1934 2432 decano,
1945 2394 2094 2425 thesaur.
2113 2396 2145 2425 et
2160 2403 2209 2426 ca-

613 2448 674 2488 pit.
692 2447 772 2479 eccl.
793 2456 820 2478 s.
836 2447 974 2478 Martini
990 2447 1159 2478 Turonen.
1177 2447 1288 2486 ipsius
1306 2447 1419 2478 favore
1435 2447 1523 2478 facta
1539 2447 1579 2478 de
1597 2455 1715 2478 canon.
1737 2449 1768 2479 et
1795 2447 1897 2486 praeb.
1915 2447 1994 2478 eccl.
2021 2456 2047 2478 s.
2074 2448 2211 2479 Martini

615 2502 784 2533 Turonen.
803 2501 849 2539 (in
865 2509 932 2541 qua
950 2500 1162 2532 scolastriam
1176 2500 1328 2540 obtinet),
1348 2509 1419 2531 vac.
1444 2509 1503 2539 per
1519 2500 1649 2532 obitum
1672 2500 1763 2532 Petri
1789 2500 1973 2537 Lamberfi,
1991 2501 2126 2532 etiamsi
2146 2501 2210 2532 iste

614 2555 648 2587 S.
663 2555 706 2586 A.
722 2563 795 2594 cap.
813 2554 975 2585 extiterit.
995 2553 1048 2595 (A.
1067 2555 1116 2591 22,
1138 2554 1160 2585 f.
1181 2554 1279 2591 324b;
1305 2554 1339 2585 V.
1357 2555 1407 2591 78,
1424 2562 1476 2593 ep.
1494 2553 1559 2592 44.)

659 2604 795 2637 20693.
822 2624 860 2630 -
876 2606 1025 2638 Guiraldo
1040 2606 1076 2637 de
1089 2606 1245 2638 Moillzone
1271 2615 1365 2646 prov.
1384 2615 1502 2638 canon.
1522 2606 1585 2637 sub
1601 2615 1696 2646 exsp.
1715 2606 1817 2647 praeb.
1843 2607 1923 2638 eccl.
1951 2615 1978 2637 s.
2008 2607 2148 2638 Maximi
2171 2607 2211 2639 de

615 2661 787 2701 Caynone,
801 2661 971 2692 Turonen.
983 2660 1028 2692 di.
1046 2678 1084 2683 —
1100 2660 1126 2692 Ι.
1144 2668 1173 2692 e.
1190 2669 1235 2691 m.
1254 2660 1328 2691 abb.
1346 2660 1490 2691 monast.
1506 2659 1728 2697 Montisolivi,
1746 2660 1986 2691 Carcassonen.
2006 2659 2064 2694 di.,
2081 2661 2114 2691 et
2129 2660 2210 2691 Rai-

615 2714 741 2746 mundo
755 2714 796 2745 de
812 2713 950 2749 Caunis,
966 2713 1149 2751 Turonen.,
1166 2723 1204 2745 ac
1228 2713 1343 2745 Muoni
1367 2713 1408 2744 (18
1439 2712 1626 2751 Lambalia‚
1656 2713 1870 2753 Andegaven.
1897 2721 1968 2743 can.
1994 2713 2072 2744 eccl.
2095 2712 2145 2751 (A.
2161 2714 2210 2750 21,

617 2767 640 2799 f.
657 2769 716 2799 324
732 2767 761 2804 b,
784 2767 820 2798 V.
840 2768 889 2803 78,
907 2775 959 2807 ep.
973 2768 1038 2805 45.)

662 2817 796 2850 20694.
814 2838 853 2843 —
871 2819 1032 2851 Guillelmo
1052 2820 1193 2851 Fornesii
1211 2820 1283 2851 ead..
1299 2819 1408 2859 gratia
1423 2819 1458 2850 in
1475 2819 1555 2850 eccl.
1575 2820 1612 2850 B.
1630 2819 1772 2850 Joannis
1789 2819 2004 2858 Andegaven.
2024 2836 2063 2841 —
2077 2819 2103 2850 I.
2118 2828 2147 2850 e.
2165 2828 2210 2850 m.

616 2874 810 2906 Raimundo
826 2873 865 2904 de
879 2873 1017 2911 Caunis,
1035 2874 1219 2908 Turonen.,
1236 2874 1268 2904 et
1288 2872 1481 2904 Theobaldo
1498 2872 1537 2903 de
1554 2872 1703 2907 LavalIe,
1724 2871 1952 2911 Andegaven.,
1969 2880 2007 2902 ao
2022 2872 2122 2903 Petro
2135 2873 2214 2904 Fre-

617 2927 723 2963 taudi‚
738 2927 906 2958 Turonen.
925 2935 997 2958 can.
1017 2927 1097 2958 eccl.
1115 2927 1169 2967 (A.
1184 2928 1234 2964 22,
1252 2926 1274 2957 f.
1292 2927 1350 2957 325
1363 2931 1391 2962 ³3
1417 2925 1449 2956 V.
1468 2927 1517 2962 78,
1534 2933 1585 2964 ep.
1599 2925 1666 2964 46.)

663 2977 798 3009 20695.
816 2997 853 3002 -
871 2979 1011 3010 Cavalcae
1025 2979 1151 3011 Comitis
1165 2979 1273 3019 gratia
1292 2987 1387 3018 exsp.
1404 2978 1515 3010 benef.
1546 2986 1573 3009 c.
1592 2987 1619 3008 c.
1638 2977 1690 3008 vel
1709 2986 1736 3007 s.
1761 2986 1789 3008 c.
1811 2977 1846 3007 in
1864 2977 1956 3008 civit.
1977 2978 2030 3008 vel
2048 2978 2093 3008 di.
2110 2978 2213 3011 Ceno-

620 3042 767 3070 manen.,
786 3033 827 3064 ad
844 3033 956 3064 collat.
971 3033 1058 3073 ep.i;
1076 3041 1142 3064 non
1158 3031 1244 3064 obst.
1263 3040 1381 3064 canon.
1401 3033 1433 3063 et
1451 3031 1552 3071 praeb.
1570 3030 1650 3061 eccl.
1669 3030 1836 3061 Turonen.
1855 3046 1893 3052 —
1908 3030 1934 3060 Ι.
1951 3038 1978 3062 e.
1997 3039 2042 3062 m.
2064 3031 2213 3064 Arnaldo

356 3085 501 3112 JOANNIS
515 3085 600 3113 xxu.
613 3101 646 3106 —
660 3086 692 3113 T.
713 3085 746 3113 V.
2042 3085 2075 3112 29
