2592 3562
220 442 323 470 Datum
343 435 526 470 Avenione.

258 543 298 570 26
309 545 377 577 sept.
397 542 485 570 4324.

272 591 316 622 (VI
330 586 388 614 kal.
405 587 475 619 oct.)

282 632 312 659 T.
330 632 375 665 xl,
391 632 461 659 xln.

332 861 368 888 Ut
389 869 412 888 s.

293 906 323 932 T.
346 905 448 933 vum.

257 1126 297 1154 27
312 1130 380 1162 sept.
395 1126 484 1154 1324.

276 1174 308 1207 (v
325 1171 383 1199 kaI.
402 1172 472 1204 oct.)

277 1216 307 1242 T.
327 1216 398 1250 XIII,
412 1216 467 1243 XV.

333 1447 367 1474 Ut
387 1455 410 1475 s.

282 1491 312 1517 T.
329 1491 374 1525 XI,
390 1491 460 1518 XIII.

332 1605 368 1633 Ut
387 1614 410 1633 s.

283 1650 313 1676 T.
330 1650 376 1684 XI,
390 1650 460 1677 XIII.

336 1816 370 1844 Ut
390 1825 414 1844 S.

279 1861 310 1888 T.
329 1861 375 1895 XI,
395 1861 465 1888 XIII.

259 2057 301 2110 25
311 2086 381 2118 sept.
399 2083 486 2111 1324.

269 2127 312 2162 (tv
327 2127 386 2154 kal.
403 2128 473 2164 oct.)

323 2172 353 2198 T.
372 2171 426 2199 LX.

337 2933 373 2961 Ut
388 2942 411 2961 s.

283 2978 313 3005 T.
335 2978 380 3012 XI,
398 2978 471 3006 XIII.

576 349 748 380 JOANNIS
772 348 889 379 PAPAE
911 348 1012 378 XXII.
1036 349 1284 388 (1316-1334).
1310 366 1347 371 —
1370 350 1556 380 LITTERAE
1579 350 1802 382 COMMUNES
2142 353 2199 382 231

660 535 795 567 20735.
818 555 858 560 -
883 536 1016 568 Gnidom'
1034 537 1177 572 ΒνοΙΙιειι,
1203 539 1325 569 rectori
1345 539 1536 570 medietatis
1555 541 1690 579 paroch.
1718 542 1797 572 eccl.
1823 542 1863 573 de
1887 543 2119 580 Mortuomari,
2145 544 2205 575 Le-

614 591 779 623 movicen.
798 591 858 627 di.,
877 599 936 630 per
957 600 977 620 11
998 590 1107 621 solitae
1124 590 1201 630 gub.
1228 592 1387 628 rectores,
1410 592 1518 631 gratia
1535 601 1629 632 exsp.
1656 593 1767 624 benef.
1790 603 1817 625 c.
1836 603 1864 626 6.
1888 595 1941 626 vel
1965 604 1990 626 s.
2014 605 2040 627 c.
2060 597 2095 627 in
2112 597 2202 628 civit.

614 644 667 675 vel
683 644 729 675 di.
742 643 930 680 Vivarieu,
953 643 1075 682 pertin.
1095 644 1137 674 ad
1155 643 1267 674 collat.
1296 644 1363 682 ep.i
1375 653 1384 679 3
1411 653 1486 675 cum
1511 645 1715 685 obligatione
1738 647 1929 679 dimittendi
1951 649 2123 687 praefatam
2140 658 2206 681 me-

614 697 786 736 dietatem,
801 697 831 727 si
844 696 954 727 benef.
971 705 998 727 c.
1015 705 1042 727 c.
1060 695 1256 727 obtinuerit.
1272 713 1311 719 —
1323 697 1349 727 I.
1367 705 1395 728 e.
1415 706 1459 727 m.
1477 698 1602 728 archid.
1617 699 1657 729 de
1673 699 1852 731 Belvacino
1867 700 1901 731 in
1918 701 1996 732 eccl.
2015 702 2204 739 Belvacen.,

615 751 648 781 et
666 749 852 782 Guillelmo
868 748 1006 786 Sanbut,
1026 757 1098 780 can.
1116 749 1274 786 AEduen.,
1294 758 1331 780 ac
1346 750 1484 781 officiali
1498 751 1709 782 Lemovicen.
1723 752 1802 782 eccl.
1818 753 1869 792 (A.
1882 754 1931 788 22,
1945 753 1966 784 s.
1985 755 2043 786 190
2054 754 2083 790 ¹³;
2104 755 2140 786 V.
2155 757 2205 791 78,

615 811 667 843 ep.
687 804 772 842 185.)

659 853 795 885 20736.
812 873 851 878 -
866 854 1014 885 Balianus
1025 855 1229 886 transfertur
1241 863 1282 885 ex
1295 854 1450 886 Colocen.
1464 855 1506 886 ad
1518 856 1688 895 Spalaten.
1704 857 2039 897 archiepiscopatum,
2053 863 2128 899 post
2140 860 2205 892 obi-

613 909 686 940 tum
702 909 795 940 Petri
811 917 871 948 per
886 909 925 940 P.
941 909 979 939 P.
998 908 1154 947 disposit.
1174 916 1243 939 suae
1269 909 1490 939 reservatum.
1509 925 1546 930 —
1565 909 1641 940 Le
1662 918 1704 939 111.
1723 910 1837 949 capit„
1858 912 2016 942 vassallis
2037 914 2069 943 et
2091 914 2206 944 suffra-

615 962 733 1002 ganeis
748 962 828 993 eccl.
852 961 1022 1001 Spalaten.
1033 969 1042 998 ;
1066 961 1156 992 clero
1177 962 1209 992 et
1232 960 1357 1000 populo
1377 960 1469 992 civit.
1496 962 1528 992 et
1557 961 1620 997 di.;
1635 962 1755 993 Carolo
1781 963 1850 1003 regi
1875 964 2068 1004 Hungariae.
2083 966 2135 1003 (A.
2155 968 2205 1004 22,

614 1015 637 1046 f.
655 1014 750 1051 134¹&
766 1015 801 1046 V.
813 1016 862 1052 78,
879 1023 930 1054 ep.
943 1015 1022 1050 2393
1033 1014 1190 1050 Theiner,
1203 1014 1396 1044 Monumenta
1406 1014 1550 1044 historica
1563 1014 1741 1054 Hunqariae,
1753 1017 1776 1047 t.
1793 1016 1820 1051 Ι,
1833 1024 1865 1055 p.
1876 1018 1947 1054 496,
1960 1017 2032 1048 doc.
2044 1019 2207 1051 DCCLIX

612 1069 645 1100 et
660 1068 853 1100 DCCLXX.
857 1067 868 1107 )

658 1118 794 1151 20737.
814 1139 853 1144 -
870 1120 1110 1152 Bartholomaeus
1126 1120 1162 1151 de
1181 1120 1360 1151 Taornltaco
1375 1119 1580 1151 transfertur
1605 1120 1645 1152 de
1661 1123 1805 1153 monast.
1822 1123 2040 1163 Moysiacen.,
2057 1125 2206 1157 Cluniae.

613 1175 698 1210 ord„
716 1175 891 1206 caturcen.
909 1175 967 1212 di.,
986 1175 1027 1206 ad
1043 1175 1187 1206 monast.
1217 1173 1426 1210 Cluniacen„
1449 1173 1670 1205 Matisconen.
1689 1174 1749 1212 di.,
1767 1174 1830 1206 sub
1845 1184 1940 1216 exsp.
1957 1176 2137 1216 prioratus,
2153 1178 2208 1210 de·

613 1229 752 1259 canatus
768 1227 822 1259 vel
838 1228 1052 1267 personatus,
1073 1228 1130 1259 aut
1161 1227 1367 1263 administr.,
1395 1235 1456 1258 seu
1480 1227 1533 1258 off.
1559 1227 1613 1258 vel
1636 1226 1747 1259 benef.
1776 1237 1804 1259 c.
1821 1237 1849 1259 c.
1866 1229 1919 1260 vel
1935 1238 1962 1260 s.
1979 1239 2007 1261 c.
2029 1231 2138 1269 (2001.
2156 1233 2208 1271 t.),

613 1281 736 1320 pertin.
756 1281 798 1312 ad
815 1281 927 1313 collat.
949 1280 1025 1312 abb.
1044 1282 1077 1312 et
1101 1289 1197 1312 conv.
1220 1280 1301 1312 dicti
1331 1281 1476 1311 monast.
1502 1280 1696 1312 cluniacen.
1709 1289 1718 1318 ;
1744 1281 1882 1313 obtentu
1904 1283 1995 1314 Petri
2015 1284 2122 1324 ejusd.
2141 1294 2210 1316 mo-

613 1335 701 1365 nast.
719 1334 795 1366 abb.
813 1352 852 1357 —
871 1335 898 1365 I.
917 1343 947 1366 6.
974 1343 1020 1365 111.
1051 1342 1126 1373 ep.o
1149 1333 1308 1370 Melden.,
1333 1334 1365 1364 et
1391 1333 1516 1365 archid.
1546 1333 1742 1365 Pardiacen.
1761 1335 1937 1372 Auxitan.,
1958 1345 1995 1367 ac
2014 1336 2207 1369 Raimundo

613 1388 760 1425 Benerii‚
778 1396 852 1420 can.
872 1387 1048 1419 Caturcen.
1065 1385 1145 1419 eccl.
1165 1387 1216 1426 (A.
1233 1388 1284 1422 22,
1301 1386 1324 1417 f.
1342 1388 1378 1418 71
1396 1391 1424 1422 ³;
1449 1386 1482 1417 V.
1503 1387 1552 1424 78,
1572 1395 1624 1426 ep.
1643 1387 1707 1426 71.)

658 1438 793 1470 20738.
810 1459 849 1464 -—
865 1440 996 1471 Nicolao
1020 1444 1092 1471 nato
1123 1439 1261 1471 Semutii
1283 1439 1411 1470 Benutii
1426 1439 1464 1470 de
1491 1439 1646 1470 Florentia
1663 1449 1757 1480 prov.
1778 1450 1895 1473 canon.
1912 1442 1975 1473 sub
1991 1451 2087 1483 exsp.
2106 1444 2206 1483 praeb.

613 1494 694 1526 eccl.
709 1494 894 1526 Moravien.
914 1511 954 1517 —-
968 1495 996 1525 Ι.
1014 1503 1044 1525 6.
1062 1502 1106 1524 111.
1126 1493 1311 1533 Glasguen.
1338 1494 1371 1524 et
1387 1493 1538 1524 Paduan.
1559 1493 1658 1532 ep.is,
1676 1502 1713 1525 ac
1731 1494 1879 1525 thesaur.
1896 1494 1976 1526 eccl.
1993 1496 2208 1528 Florentinae.

614 1547 665 1587 (A.
680 1549 730 1584 22,
747 1547 768 1578 f.
786 1548 824 1579 85
839 1552 867 1583 *ς
888 1547 922 1579 V.
940 1549 990 1582 78,
1007 1556 1059 1586 ep.
1079 1548 1161 1585 172.)

659 1598 793 1630 20739.
813 1617 851 1622 -
869 1600 1008 1631 Arnaldo
1027 1599 1193 1631 ltaimundi
1207 1600 1243 1630 de
1267 1598 1439 1639 Altopullo,
1449 1599 1612 1640 jurisper„
1631 1600 1765 1631 collatio
1779 1609 1897 1632 canon.
1915 1602 1978 1632 sub
1994 1611 2089 1642 exsp.
2105 1603 2208 1643 praeb.

613 1654 694 1685 eccl.
712 1654 883 1686 Lodoven.
897 1663 905 1691 ;
922 1663 989 1685 non
1004 1653 1092 1685 obst.
1109 1653 1277 1688 sacristia,
1299 1661 1416 1684 canon.
1438 1654 1470 1684 et
1485 1652 1586 1692 praeb.
1607 1653 1686 1684 eccl.
1706 1653 1746 1684 de
1758 1653 1923 1690 Burlatio‚
1941 1656 2092 1687 Castren.
2111 1657 2155 1687 di.
2172 1675 2209 1679 —

612 1707 638 1738 I.
656 1715 685 1738 e.
702 1716 747 1738 111.
765 1707 935 1746 archiep-o
950 1706 1177 1743 Ebredunen„
1200 1708 1232 1737 et
1255 1706 1380 1736 decano
1399 1706 1438 1736 de
1464 1705 1627 1743 Burlatio,
1644 1706 1796 1738 Castren.
1814 1707 1873 1744 di.,
1891 1716 1928 1738 ac
1941 1716 2044 1748 praep.
2064 1709 2209 1741 Avenio-

613 1769 689 1792 nen.
710 1761 789 1792 eccl.
809 1761 861 1799 (A.
881 1762 931 1797 22,
946 1760 969 1791 f.
985 1761 1025 1791 80
1037 1759 1066 1797 ὓς
1088 1759 1119 1791 V.
1135 1762 1185 1796 79,
1203 1768 1256 1799 ep.
1272 1760 1375 1797 1357.)

658 1810 794 1843 20740.
813 1832 851 1836 -
867 1813 1027 1844 Leonardo
1044 1812 1240 1850 Bellausello,
1259 1812 1373 1852 presb.
1392 1821 1485 1852 perp.
1515 1812 1712 1844 beneficiato
1728 1813 1763 1843 in
1787 1813 1866 1844 eccl.
1897 1822 1923 1844 s.
1943 1814 2112 1846 Simeonis
2131 1825 2209 1855 pro-

613 1866 722 1907 phetae
737 1867 778 1898 de
793 1867 960 1901 Venetiis,
977 1866 1160 1897 Castellan.
1179 1866 1238 1902 di.,
1257 1866 1366 1905 gratia
1380 1873 1475 1905 exsp.
1497 1865 1607 1896 benef.
1625 1874 1651 1896 c.
1669 1874 1696 1896 c.
1719 1866 1773 1897 vel
1788 1875 1816 1897 s.
1833 1875 1874 1902 c.,
1899 1867 2033 1898 etiamsi
2049 1868 2209 1913 dign3vel

612 1923 815 1960 personatus
830 1920 955 1951 existat
973 1919 1005 1950 in
1022 1919 1068 1950 di.
1086 1919 1269 1950 Castellan.
1289 1935 1326 1941 —
1348 1919 1375 1949 I.
1393 1927 1422 1949 6.
1448 1927 1491 1949 m.
1512 1927 1586 1958 ep.o
1610 1919 1803 1958 Caprulan.,
1831 1921 1862 1950 et
1888 1919 2030 1959 plebano
2053 1921 2163 1960 plebis
2179 1931 2207 1954 s.

613 1973 796 2014 Augustini
813 1973 854 2004 de
870 1973 1035 2009 Venetiis,
1049 1972 1232 2003 Castellan.
1250 1972 1308 2009 di.,
1322 1980 1359 2002 ac
1371 1971 1502 2011 Angelo
1518 1971 1690 2011 Delphini,
1708 1981 1780 2003 can.
1795 1973 1976 2004 Castellan.
1993 1974 2072 2005 eccl.
2091 1974 2142 2015 (A.
2157 1977 2207 2014 23,

613 2026 635 2058 f.
653 2028 712 2058 564
725 2026 757 2062 ὓς
778 2026 813 2058 V.
834 2028 883 2063 79,
902 2035 955 2066 ep.
973 2027 1076 2064 2471.)

659 2077 795 2109 20741.
812 2097 851 2103 —-
877 2079 994 2110 Joanni
1014 2089 1084 2120 ep.o
1108 2078 1327 2119 Arqentinensi
1348 2078 1491 2109 facultas
1511 2078 1712 2109 habilitandi
1732 2079 1896 2110 Joannem
1919 2079 1959 2111 de
1980 2080 2110 2120 Hagen,
2129 2081 2207 2113 cler.

615 2141 684 2165 suae
701 2133 762 2169 di.,
779 2134 812 2164 et
829 2141 903 2164 cum
922 2141 960 2164 eo
973 2132 1194 2172 dispensandi
1220 2140 1322 2171 super
1338 2131 1587 2171 irregularitate
1603 2131 1739 2162 incursa
1756 2140 1798 2163 ex
1815 2141 1853 2163 eo
1869 2133 1958 2172 quod
1974 2134 2108 2172 paroch.
2126 2135 2206 2166 eccl.

615 2187 651 2218 in
664 2186 904 2224 Druhterhein,
921 2187 1018 2217 dictae
1034 2185 1093 2223 di.,
1111 2194 1171 2225 per
1195 2194 1241 2216 vu
1271 2194 1377 2216 annos
1398 2185 1538 2216 retinuit
1552 2193 1612 2216 nec
1627 2193 1663 2216 se
1682 2185 1760 2216 tecit
1779 2186 1820 2216 ad
1835 2187 2060 2218 sacerdotium
2076 2197 2206 2228 promo-

615 2240 699 2278 veri,
716 2240 911 2271 conferendi
929 2248 1062 2279 quoque
1081 2239 1207 2270 dictam
1229 2239 1310 2270 eccl.
1334 2238 1444 2270 eidem
1469 2239 1603 2275 Joanni,
1620 2240 1653 2269 et
1668 2238 1797 2270 fructus
1813 2247 1855 2270 ex
1871 2248 1909 2270 ea
1924 2242 2099 2280 perceptos
2116 2242 2150 2272 in
2163 2242 2210 2272 to-

614 2295 688 2325 tum
704 2293 757 2324 vel
772 2293 808 2324 in
825 2294 968 2332 partem,
984 2294 1084 2332 prout
1103 2293 1170 2332 ipsi
1185 2291 1366 2328 videbitur,
1383 2291 1449 2322 sibi
1465 2292 1567 2323 etiam
1596 2292 1801 2323 remittendi.
1821 2293 1873 2331 (A.
1891 2293 1941 2330 22,
1959 2293 1981 2324 f.
2000 2295 2038 2324 72
2051 2294 2064 2315 b
2074 2304 2082 2330 ;
2107 2294 2138 2324 V.
2159 2296 2208 2332 78,

616 2355 668 2387 ep.
690 2347 746 2384 843
762 2346 951 2383 Hauviller‚
969 2346 1118 2377 Analecta
1134 2345 1385 2386 Arqeneinensia,
1401 2346 1425 2375 t.
1440 2345 1466 2381 1,
1486 2354 1518 2384 p.
1535 2346 1586 2382 41,
1605 2345 1677 2376 (106.
1694 2346 1757 2383 30.)

660 2396 797 2429 20742.
813 2416 851 2421 --
865 2399 978 2429 Eidem
992 2399 1153 2438 indulget.
1171 2399 1207 2429 ut
1222 2398 1395 2430 confessor
1409 2406 1492 2429 suus
1507 2397 1612 2429 semel
1628 2398 1663 2428 in
1676 2398 1795 2429 mortis
1810 2398 1952 2430 articulo
1965 2400 2073 2439 possit
2096 2401 2126 2431 ei
2142 2401 2211 2440 ple·

615 2461 693 2485 nam
712 2454 926 2493 peccatorum
943 2461 1082 2483 suorum
1099 2452 1337 2483 remissionem
1353 2451 1544 2482 concedere.
1566 2451 1617 2489 (A.
1631 2452 1681 2488 22,
1694 2451 1717 2482 f.
1735 2453 1773 2483 73
1788 2457 1816 2488 “;
1841 2451 1875 2483 V.
1892 2453 1943 2489 78,
1968 2461 2020 2492 ep.
2038 2455 2077 2484 85
2088 2463 2098 2489 3
2118 2454 2209 2485 Hau-

615 2506 726 2544 viller,
746 2515 796 2547 op.
816 2507 882 2543 cit„
902 2514 935 2546 p.
952 2508 1004 2543 43,
1023 2506 1094 2537 doc.
1114 2506 1183 2545 31.)

661 2557 795 2589 20743.
814 2575 852 2581 —-
867 2559 977 2590 Eidem
994 2559 1189 2599 indulgetur
1204 2560 1241 2590 ut
1257 2558 1330 2598 ipse
1347 2560 1379 2590 et
1395 2566 1608 2589 successores
1625 2558 1680 2589 sui
1695 2558 1735 2589 de
1750 2558 1852 2589 terris
1870 2560 1902 2590 et
1919 2559 2207 2598 possessionibus,

616 2614 658 2645 ad
673 2621 790 2645 eorum
813 2621 966 2644 mensam
982 2612 1086 2652 episc.
1104 2613 1223 2652 spect..
1241 2610 1492 2651 parochialibus
1507 2611 1661 2642 ecclesiis
1680 2620 1748 2642 suae
1766 2611 1811 2642 di.
1831 2611 1979 2642 decimas
1998 2612 2127 2644 solvere
2142 2622 2208 2644 non

615 2666 804 2699 teneantur.
820 2666 874 2707 (A.
892 2667 942 2702 22,
960 2665 983 2697 f.
1005 2667 1042 2697 73
1065 2671 1096 2703 ¹3
1123 2664 1157 2695 V.
1175 2666 1225 2700 78,
1249 2673 1300 2704 ep.
1316 2666 1375 2702 863
1393 2664 1581 2701 Hauviller,
1598 2674 1648 2704 op.
1665 2665 1729 2701 cit„
1747 2673 1779 2704 p.
1795 2666 1845 2702 44,
1866 2665 1937 2696 doc.
1955 2666 2018 2703 32.)

661 2716 795 2749 20744.
817 2737 856 2742 -
873 2718 983 2750 Eidem
998 2720 1030 2751 et
1055 2717 1310 2750 successoribus
1337 2718 1410 2758 ejus
1432 2725 1523 2749 conc.
1548 2719 1584 2748 ut
1602 2717 1736 2748 collatio
1755 2717 1856 2757 praeb.
1875 2719 1907 2748 et
1925 2717 2069 2748 aliorum
2095 2718 2205 2750 benef.

616 2773 804 2805 ecclesiast.
822 2773 984 2804 hactenus
1005 2772 1040 2803 in
1064 2772 1199 2812 paroch.
1227 2772 1259 2803 et
1288 2771 1365 2802 aliis
1395 2771 1476 2802 eccl.
1503 2770 1722 2810 Argentinen.
1746 2771 1791 2801 di.
1821 2770 1863 2801 ad
1880 2770 1987 2810 ejusd.
2009 2771 2075 2810 ep.i
2094 2771 2204 2802 collat.

616 2826 858 2866 spectantibus,
877 2827 1067 2857 creatorum
1084 2826 1117 2857 et
1130 2825 1352 2856 creandorum
1369 2824 1404 2855 in
1418 2824 1603 2864 posterum,
1620 2823 1661 2854 ad
1675 2832 1733 2854 eos
1749 2823 1916 2863 pertinere
1935 2822 2064 2854 debeat.
2084 2824 2135 2862 (A.
2155 2825 2205 2862 22,

616 2880 640 2911 f.
657 2881 694 2911 73
706 2884 735 2917 ⁸;
762 2879 793 2910 V.
813 2880 861 2917 78,
880 2888 932 2919 ep.
950 2881 1008 2916 883
1032 2878 1222 2915 Hauviller,
1240 2887 1292 2918 op.
1309 2877 1373 2912 cit..
1397 2886 1429 2917 p.
1448 2878 1497 2914 39,
1517 2877 1589 2908 doc.
1606 2876 1671 2914 27.)

661 2930 733 2962 207
738 2930 797 2962 45.
815 2951 854 2955 -
878 2932 999 2963 Cunani
1015 2931 1052 2963 de
1070 2931 1195 2971 Geffede
1210 2931 1346 2962 collatio
1362 2939 1479 2962 canon.
1499 2930 1579 2961 eccl.
1599 2930 1811 2969 Rynaugen„
1830 2929 2046 2968 Argentinen.
2063 2929 2122 2966 di.,
2142 2930 2205 2961 sub

617 2995 713 3026 exsp.
730 2986 833 3026 praeb.
843 2995 851 3023 ;
868 2994 936 3017 non
950 2985 1036 3017 obst.
1055 2985 1143 3025 quod
1157 2993 1259 3024 super
1275 2992 1392 3015 canon.
1408 2985 1440 3015 et
1454 2982 1556 3023 praeb.
1573 2982 1654 3014 eccl.
1672 2990 1698 3013 s.
1715 2981 1850 3013 Thomae
1867 2982 2083 3021 Argentinen.
2103 2983 2138 3014 in
2153 2992 2206 3014 cu-

616 3040 667 3071 ria
684 3040 825 3072 Remen.
842 3039 963 3078 litiget.
981 3055 1018 3061 —
1034 3038 1060 3069 Ι.
1074 3047 1104 3070 e.
1121 3046 1166 3069 m.
1181 3037 1329 3069 thesaur.
1348 3036 1581 3077 Argentinen.,
1596 3037 1628 3067 et
1642 3035 1769 3066 cantori
1785 3034 2023 3066 Lucembacen.
2044 3036 2204 3068 Basilien.
