2592 3562
184 458 290 487 Datum
322 452 506 486 Avenione.

189 559 226 588 13
244 558 309 596 (id.)
327 566 393 594 auo.
415 557 505 586 4325,

231 825 272 854 30
287 832 355 860 any.
373 823 461 852 1325.

233 873 282 906 (m
298 868 360 899 kal.
377 869 465 905 sept.)

571 365 744 398 JOANNIS
768 365 888 397 PAPAE
908 365 1011 396 XXII.
1036 365 1284 404 (1316-1334).
1306 383 1344 388 —
1366 364 1552 395 LITTERAE
1574 364 1626 395 DE
1647 364 1772 396 CURIA
2122 366 2184 398 449

640 552 757 585 3135.
782 572 819 577 —
846 553 980 585 Roberto
1001 551 1038 583 de
1056 551 1232 592 Albarupe,
1255 551 1381 582 archid.
1401 552 1618 592 AEgitanien.,
1646 553 1746 592 Papae
1770 561 1856 592 cap„
1883 552 1968 584 dicti
1983 553 2187 585 Patrimonii

590 608 725 646 rectori,
741 607 854 638 mand.
877 607 916 638 ut
938 613 1117 638 commune
1134 603 1322 636 Viterbien.
1349 604 1391 635 ad
1410 605 1658 644 reparationem
1677 605 1774 646 logiae
1790 605 1985 645 apostolicae
1998 605 2187 638 viterbien.

591 662 726 694 ruinam
739 659 914 697 minantis,
932 659 973 690 ad
987 666 1089 698 quam
1111 658 1246 689 tenetur
1272 656 1472 694 faciendam,
1498 657 1623 697 praevia
1646 658 1831 690 monitione
1855 658 2051 699 compellat.
2067 659 2119 700 (A.
2133 660 2186 697 22,

592 715 615 747 f,
630 716 670 746 53
688 719 702 736 ι
710 724 720 751 3
741 713 775 744 V.
794 714 845 750 78,
861 721 914 753 ep.
931 714 980 749 16;
997 711 1033 742 de
1047 711 1133 742 curia
1142 719 1152 747 3
1168 709 1324 747 Theiner,
1343 709 1447 741 Codex
1468 709 1680 750 diplomaticus
1695 711 1822 742 dominii
1839 710 2018 752 temporalis
2031 711 2067 743 S.
2085 711 2188 749 Sedis,

591 769 616 801 t.
633 770 659 806 Ι,
676 777 710 808 p.
731 769 802 803 539,
819 767 894 798 doc.
909 765 1125 804 DCCXVII.)

643 818 756 851 3136.
771 838 810 844 --
837 818 958 860 Anqelo
968 828 1035 860 ep.o
1050 817 1229 854 Viterbien„
1247 817 1348 856 Papae
1362 817 1398 848 in
1412 816 1503 849 Urbe
1512 817 1652 854 vicario,
1667 817 1769 849 facul.
1786 817 1828 849 ad
1838 817 1872 850 S.
1886 817 1926 848 A.
1942 817 2191 858 beneplacitum

593 874 732 916 gerendi
747 882 863 906 curam
879 874 912 905 et
927 872 1120 904 administr.
1137 870 1291 902 omnium
1313 869 1394 902 eccl.
1410 870 1518 910 eJusd.
1536 870 1651 908 Urbis,
1675 871 1717 902 ad
1733 871 1775 903 R.
1801 871 1841 902 E.
1863 869 2100 911 spectantium,
2117 878 2190 911 quae

592 929 714 962 vacant
730 929 763 960 ot
782 927 949 959 vacaturae
966 926 1056 957 sunt.
1074 924 1126 964 (A.
1143 925 1198 962 22;
1211 923 1235 956 f.
1252 924 1291 955 53
1305 928 1334 960 ⁸5
1356 923 1392 954 V.
1411 924 1462 961 78,
1480 932 1532 964 ep.
1551 925 1599 962 13,
1619 923 1655 954 de
1672 923 1783 962 curia.)
