2592 3562
155 618 195 646 28
206 617 271 653 jan.
289 616 349 651 (Die
366 615 479 644 sabbati

131 664 196 698 post
217 661 324 689 festum
343 658 505 689 conversio-

161 706 205 734 nis
220 706 247 734 b.
265 705 369 740 Pauli.)
385 704 474 732 1324.

132 777 172 805 30
185 777 250 812 jan.
269 775 330 810 (Die
344 774 506 810 penultima

203 820 326 855 mensis)
341 818 428 847 1324.

243 865 304 892 Ind.
320 863 393 893 Vl1·.

218 936 235 963 a
258 935 313 971 feb.
334 935 420 964 1324.

166 1149 215 1176 Die
230 1149 368 1176 dominica
383 1148 402 1176 5
416 1148 469 1183 feb.

189 1192 276 1225 1326,
297 1192 357 1221 ind.
374 1193 447 1221 V11·.

221 1310 239 1337 9
253 1309 306 1344 feb.
330 1308 418 1337 1324.

137 1467 174 1495 10
190 1468 242 1502 feb.
258 1467 347 1502 1324,
364 1468 423 1495 ind.
434 1469 505 1495 VII³.

147 1512 266 1540 Joannis
278 1512 350 1539 XXII
360 1521 435 1540 anno
447 1513 495 1540 IX⁰

285 1557 355 1592 (sie).

138 1628 174 1654 10
184 1627 238 1662 feb.
260 1626 347 1659 1324,
362 1627 421 1655 ind.
436 1627 507 1654 v11=.

149 1670 265 1698 Joannis
276 1671 348 1698 XXII
361 1679 436 1699 anno
445 1672 493 1699 1X⁰

286 1716 355 1750 (sic).

135 1785 182 1811 Die
196 1784 331 1812 dominica
346 1785 384 1812 12
399 1786 508 1813 intran-

135 1830 170 1856 tis
183 1829 239 1862 feb.
259 1829 346 1860 1324,
362 1829 421 1856 ind.
435 1829 504 1858 V11·.

216 1891 253 1919 18
268 1891 322 1925 feb.
342 1892 429 1919 1324.

137 1935 211 1969 (ΧΙΙ-
224 1935 270 1963 die
287 1935 317 1963 in
330 1935 408 1964 exitu
425 1945 507 1965 men-

288 1980 353 2013 sis.)

213 2051 254 2078 26
267 2052 321 2085 feb.
342 2052 427 2080 1324.

136 2094 197 2131 (Die
215 2095 360 2124 dominica
377 2097 407 2124 in
426 2098 507 2133 quin-

222 2141 415 2176 quagesima.)

212 2211 253 2239 27
266 2213 320 2247 feb.
341 2213 429 2241 1324.

203 2318 224 2345 2
242 2323 326 2346 mart.
345 2320 435 2349 1324.

153 2362 248 2398 (Feria
263 2363 311 2390 v1⁵
329 2367 393 2399 post
413 2365 489 2393 diem

246 2407 402 2445 cinerum.)

208 2478 226 2506 4
243 2482 326 2507 mart.
346 2480 434 2508 1324.
448 2503 450 2505 ,

153 2522 214 2558 (Die
234 2523 380 2552 dominica
398 2525 492 2560 prima

195 2568 447 2606 quadragesimae.)

139 2636 155 2664 7
168 2640 250 2665 mart.
265 2638 351 2670 1324,
365 2638 423 2667 ind.
436 2639 507 2668 Vllt.

137 2796 187 2823 Die
201 2796 311 2824 sabbati
328 2798 364 2825 10
378 2801 459 2826 mart.
476 2814 510 2818 —

207 2841 244 2868 16
255 2845 338 2869 mart.
357 2841 444 2870 1324.

251 2885 311 2913 lnd.
330 2886 401 2914 viv.

139 2955 187 2983 me
201 2955 310 2984 sabbati
326 2956 416 2985 10-20
427 2960 509 2987 mart.

193 2999 281 3032 4324,
299 2999 362 3030 ind.
384 3001 457 3030 vm.

357 314 610 349 APPENDICES
632 314 688 345 AD
710 312 904 345 OCTAVUM
926 312 1122 344 BULLARII
1142 313 1315 344 JOANNIS
1338 313 1429 344 XXII
1452 313 1610 345 ANNUM.
1634 332 1672 337 —
1693 314 1931 355 (1316-1834)

2100 316 2158 346 207

560 506 689 536 ratores
703 503 745 534 ad
760 502 895 543 negotia
916 502 1024 542 ejusd.
1049 502 1236 533 societatis.
1253 502 1411 542 (Armario
1434 502 1469 538 C,
1485 503 1565 543 fasc.
1582 504 1633 540 31,
1652 513 1682 533 n.
1706 505 1745 535 20
1754 514 1764 541 3
1776 513 1868 544 perq.
1892 514 1959 534 cum
1976 505 2054 536 vitta
2069 515 2161 536 mem·

561 557 710 588 branacea
725 566 763 587 ex
776 566 836 597 qua
851 555 964 595 pendet
977 554 1112 595 siqillum
1129 565 1191 585 non
1206 555 1355 595 inteyrum
1371 556 1462 586 curiae
1474 565 1597 586 camerae
1611 560 1706 596 apost.
1712 579 1721 594 ‚
1737 566 1752 587 e
1769 566 1838 587 cera
1852 556 1945 587 rubea
1963 558 2160 598 consectum.)

606 607 742 639 20425.
759 626 798 632 —
815 609 1084 640 Instrumentum
1101 608 1304 647 receptionis
1320 616 1542 647 processuum
1560 610 1677 640 contra
1691 609 1899 641 Ludovicum
1915 610 2035 642 ducem
2053 612 2156 643 Bava-

561 664 620 695 riae
634 662 819 695 Guillelmo
842 661 882 693 de
900 661 1075 699 Volnerio,
1093 661 1198 700 priori
1215 661 1252 692 Ο.
1271 661 1309 692 F.
1329 661 1366 691 Ρ.
1392 661 1491 701 Brag,
1515 661 1697 700 provinciae
1721 662 1892 700 Tolosan„
1916 663 2156 696 exhibitorum.

563 716 717 756 (Armario
739 715 776 755 C,
791 715 869 754 fasc.
885 716 935 752 51,
954 725 986 744 n.
1005 716 1162 754 175per9.
1184 715 1340 754 parvum.)

605 766 742 798 20426.
760 786 798 790 -
815 767 989 799 Sententia
1004 767 1246 807 inquisitorum
1257 766 1470 797 Lombardiae
1486 775 1551 806 qua
1559 767 1771 806 Raynaldus‚
1785 767 1895 799 dictus
1905 769 2108 801 Passarinus
2118 771 2158 802 de

561 821 772 859 Bonacolsis,
789 821 830 852 de
845 821 994 858 Mantua,
1015 820 1206 851 declaratur
1222 819 1332 850 fautor
1349 819 1482 850 Mathaei
1499 820 1539 850 de
1559 819 1827 851 vicecomitibus
1845 821 1986 861 ejusque
2010 822 2159 854 filiorum

561 875 809 907 haereticorum.
827 873 984 913 (Armario
1006 872 1042 910 C,
1055 873 1134 913 fasc.
1151 873 1203 909 68,
1222 882 1253 902 n.
1269 875 1305 907 4;
1320 873 1423 912 ρον-9.)

607 925 742 957 20427.
772 945 809 950 -
837 927 966 958 Littera
987 927 1054 966 ep.i
1080 925 1312 957 Constantien.
1336 925 1378 956 ad
1402 925 1559 965 praelatos
1578 933 1649 956 suae
1664 925 1710 955 di.
1735 926 1772 956 ut
1787 925 1960 965 publicent
1978 936 2159 966 processus

561 983 678 1013 contra
692 981 901 1012 Ludovicum
918 980 1036 1011 ducem
1053 979 1215 1011 Bavariae.
1234 979 1357 1010 Extant
1372 989 1404 1009 iv
1419 978 1533 1018 sigilla
1548 987 1614 1008 non
1631 978 1762 1018 integra
1775 987 1919 1018 quorum
1936 981 2161 1019 appensiones

561 1035 730 1066 testantur
748 1034 790 1065 ad
810 1033 1006 1073 hujusmodi
1028 1032 1293 1073 publicationem
1309 1040 1508 1072 processum
1522 1031 1640 1062 fuisse.
1661 1031 1821 1071 (Armarz'o
1842 1031 1878 1070 C,
1895 1032 1972 1072 fasc.
1990 1034 2041 1071 54,
2059 1044 2091 1065 n.
2105 1035 2174 1072 28ςΔ

559 1090 660 1129 pem.)

607 1138 743 1170 20428.
762 1158 798 1163 —-
814 1140 950 1172 Relatio
966 1139 1209 1179 publicationis
1233 1147 1454 1179 processuum
1479 1139 1595 1169 contra
1613 1138 1823 1169 Ludovicum
1840 1138 2009 1170 Bavarum
2033 1140 2068 1170 in
2091 1149 2162 1172 mo·

562 1197 651 1226 nast.
667 1195 703 1227 S.
721 1195 766 1226 M.
784 1194 819 1225 in
835 1195 951 1234 Augea
965 1193 1155 1224 Tridentin.
1170 1192 1328 1233 (Armario
1349 1191 1384 1228 C,
1402 1192 1479 1232 fasc.
1497 1193 1548 1228 57,
1565 1202 1596 1221 n.
1614 1193 1669 1226 14;
1685 1200 1773 1231 perq.
1791 1201 1945 1222 corrosum
1962 1193 2049 1233 cujus
2064 1194 2162 1224 medio

562 1253 647 1279 extat
662 1247 799 1288 siqillum
816 1247 980 1288 praepositi
995 1245 1092 1286 ejusd.
1110 1251 1254 1283 monast.,
1269 1245 1379 1276 vicarii
1393 1245 1457 1285 ep.i
1474 1244 1645 1275 Tridentin.
1663 1245 1695 1274 in
1707 1245 1830 1275 remotis
1846 1245 1993 1286 aqenlis.)

608 1299 742 1331 20429.
764 1319 803 1324 -
828 1301 993 1332 Instrum.
1021 1309 1088 1340 quo
1111 1301 1242 1331 constat
1259 1307 1440 1339 processus
1457 1300 1573 1330 contra
1591 1298 1799 1331 Ludovicum
1826 1299 1995 1330 Bavarum
2018 1309 2165 1339 praesen-

561 1356 651 1387 tatos
667 1355 773 1386 fuisse
790 1354 897 1394 priori
914 1353 954 1386 fr.
983 1354 1022 1386 O.
1045 1354 1084 1384 P.
1103 1353 1325 1393 Burdegalen.
1349 1352 1507 1390 (Armario
1528 1351 1562 1389 C,
1579 1352 1656 1392 fasc.
1671 1353 1722 1389 60,
1741 1362 1771 1382 n.
1789 1353 1826 1388 25
1839 1361 1927 1393 ρον-9.
1947 1362 2012 1383 cum
2030 1354 2164 1395 vestiqiis

562 1408 659 1449 siqilli
673 1418 747 1439 cerae
767 1407 891 1447 rubeae.)

609 1458 743 1490 20430.
766 1480 803 1485 -
824 1461 986 1492 instrum.
1004 1460 1246 1500 publicationis
1264 1467 1486 1499 processuum
1505 1458 1745 1498 jamdictorum
1765 1458 1800 1489 in
1819 1459 1986 1491 cimiterio
2007 1460 2045 1491 F.
2064 1460 2101 1492 Ο.
2122 1461 2160 1492 Ρ.

563 1515 807 1555 Rothomagen.
826 1514 984 1554 (Ar-mario
1002 1513 1038 1551 C,
1051 1514 1129 1554 fasc.
1146 1514 1195 1550 56,
1214 1523 1246 1544 n.
1263 1514 1300 1544 16
1309 1522 1318 1549 3
1334 1512 1437 1553 per-9.)

608 1616 743 1649 20431.
761 1635 800 1642 -
816 1619 951 1652 Relatio
965 1618 1207 1659 publicationis
1219 1627 1441 1658 processuum
1454 1618 1570 1649 contra
1585 1617 1674 1648 filios
1691 1617 1825 1648 Mathaei
1841 1618 1881 1649 de
1897 1618 2163 1650 Vicecomitibus

564 1674 600 1705 in
618 1674 784 1705 cimiterio
801 1674 838 1704 F.
855 1673 893 1705 O.
911 1673 948 1704 P.
962 1672 1206 1712 Rothomagen.
1221 1671 1354 1703 habitae.
1374 1671 1427 1712 (A.
1449 1671 1484 1707 C,
1502 1671 1581 1711 fasc.
1595 1672 1646 1707 42,
1665 1681 1696 1702 n.
1710 1672 1767 1708 21;
1785 1671 1891 1712 perq.)

608 1777 742 1809 20432.
761 1797 800 1803 -
814 1780 899 1811 Item
916 1780 956 1811 de
974 1779 1202 1819 publicatione
1218 1787 1437 1818 processuum
1456 1779 1571 1809 contra
1583 1777 1794 1808 Ludovicum
1811 1778 1850 1809 de
1867 1778 2017 1810 Bavariae
2030 1779 2063 1809 in
2080 1780 2159 1811 eccl.

564 1834 597 1866 S.
614 1834 659 1865 M.
673 1833 764 1864 villae
779 1833 870 1873 vigi,
887 1833 1075 1864 TridentIn.
1093 1832 1137 1863 di.
1155 1832 1311 1870 (Ar-mario
1330 1831 1364 1869 C,
1380 1831 1457 1871 fasc.
1474 1833 1525 1868 60,
1541 1841 1572 1861 n.
1596 1834 1630 1866 1;
1645 1830 1749 1871 perq.)

609 1888 743 1920 20433.
760 1905 798 1909 -
813 1888 975 1918 Instrum.
991 1885 1263 1926 praesentationis
1279 1893 1501 1924 processuum
1518 1884 1634 1915 contra
1650 1884 1858 1915 Ludovicum
1872 1884 1991 1915 ducem
2008 1882 2161 1914 Bavariae

564 1945 662 1976 fratri
675 1943 860 1976 Guillelmo
876 1939 1057 1977 Gualaubi,
1075 1938 1246 1978 subpriori
1263 1946 1358 1968 conv.
1374 1938 1412 1969 F.
1428 1937 1466 1969 O.
1484 1938 1522 1968 P.
1539 1937 1777 1968 Montisalban.
1793 1937 1951 1976 (Armario
1970 1936 2006 1974 C,
2017 1936 2094 1976 fasc.
2110 1938 2161 1974 51,

564 2009 595 2029 n.
612 2000 647 2034 1;
664 2007 754 2038 perq.
771 2006 837 2026 cum
853 1995 928 2026 vitta
950 1993 1178 2024 membranacea
1194 2001 1231 2022 ex
1246 2001 1306 2032 qua
1321 1990 1434 2032 pendet
1448 1990 1583 2031 siyillum
1598 2000 1672 2020 cerae
1687 1990 1784 2030 niqrae
1798 1989 1877 2021 dicti
1886 1990 2083 2031 subprioris.)

608 2047 742 2080 20434.
760 2068 798 2073 -
814 2048 947 2080 Relatio
964 2045 1205 2087 publicationis
1221 2053 1443 2084 processuum
1459 2045 1575 2075 contra
1590 2043 1680 2075 filios
1693 2044 1827 2075 Mathaei
1840 2043 1880 2075 de
1894 2042 2162 2076 Vicecomitibus

563 2106 599 2137 in
615 2103 773 2145 pluribus
789 2102 883 2134 villis
899 2101 945 2132 di.
962 2101 1173 2132 Xanctonen.
1193 2098 1352 2139 (Armario
1366 2098 1401 2135 C,
1414 2098 1491 2137 fasc.
1507 2099 1558 2135 45,
1570 2108 1601 2128 n.
1615 2099 1647 2134 1,
1662 2097 1766 2138 perq.)

606 2207 741 2240 20435.
762 2227 798 2232 -
822 2209 985 2240 Instrum.
1009 2205 1253 2246 publicationis
1276 2212 1498 2244 processuum
1526 2204 1642 2234 contra
1664 2203 1873 2235 Ludovicum
1898 2204 1938 2234 de
1959 2203 2104 2234 Bavaria
2127 2203 2163 2234 in

562 2264 697 2296 ciVItate
713 2263 940 2295 Beneventan.
960 2259 1116 2300 (Armario
1133 2259 1167 2296 C,
1179 2259 1256 2298 fasc.
1267 2259 1318 2295 60,
1333 2268 1364 2287 n.
1377 2259 1396 2288 6
1405 2267 1415 2293 ‚·
1427 2257 1530 2298 pery.)

608 2314 744 2346 20436.
770 2334 808 2339 -
826 2314 956 2346 Littera
981 2313 1094 2353 sigillo
1112 2311 1278 2343 Gerhardi
1294 2310 1362 2350 ep.i
1383 2310 1548 2341 Basilien.
1565 2309 1695 2340 munita
1713 2318 1779 2349 qua
1795 2309 1868 2349 ipse
1884 2309 2008 2340 fatetur
2025 2317 2060 2340 se
2075 2318 2161 2340 rece·

564 2371 656 2410 pisse
672 2377 854 2409 processus
867 2369 983 2399 contra
997 2365 1208 2398 Ludovicum
1224 2365 1404 2396 Bavarum.
1428 2363 1584 2401 (Ar-mario
1600 2362 1634 2398 C,
1648 2362 1726 2403 fasc.
1739 2365 1790 2400 61,
1803 2373 1834 2394 n.
1847 2365 1864 2393 7
1873 2372 1883 2400 ;
1902 2372 1990 2403 per-q.
2007 2362 2163 2402 parvum.)

609 2473 744 2505 20437.
764 2493 801 2498 -
815 2473 1085 2506 Instrumentum
1106 2469 1349 2511 publicationis
1364 2477 1586 2508 processuum
1604 2470 1719 2500 contra
1735 2468 1944 2500 Ludovicum
1958 2468 2077 2500 ducem
2096 2469 2161 2500 Ba-

563 2529 666 2561 variae
682 2529 718 2560 in
734 2527 814 2560 eccl.
832 2529 870 2559 B.
887 2527 932 2558 M.
950 2525 1123 2558 Dealbatae
1138 2523 1298 2556 Tolosan.
1317 2522 1476 2563 (Armarz'o
1496 2522 1531 2560 C,
1550 2522 1628 2562 fasc.
1647 2523 1700 2558 51,
1719 2532 1749 2551 η.
1765 2523 1819 2558 133
1832 2531 1920 2562 perq.
1934 2523 2090 2562 parvum.)

610 2631 744 2664 20438.
764 2651 804 2657 -
820 2634 905 2665 Item
923 2633 958 2664 in
974 2631 1055 2663 eccl.
1081 2640 1108 2662 s.
1127 2629 1305 2662 Fortunati
1322 2628 1362 2659 de
1380 2627 1638 2666 Montefalcone‚
1659 2627 1831 2667 Spoletan.
1851 2627 1896 2657 di.
1916 2645 1952 2650 —
1968 2627 2162 2666 Sequuntur

565 2688 748 2720 relationes
770 2686 1038 2727 publicationum
1057 2683 1223 2715 similium
1242 2682 1407 2713 factarum
1425 2681 1460 2712 in
1478 2680 1580 2712 terris
1599 2681 1741 2712 ducatus
1759 2680 1928 2720 spoletan.
1950 2679 2107 2720 (Ar-mario
2124 2679 2160 2717 C,

563 2742 642 2782 fasc.
657 2742 708 2778 58,
724 2751 756 2772 n.
768 2742 808 2772 24
817 2750 826 2777 ;
836 2750 927 2781 perq.
947 2747 1089 2779 maynum
1106 2741 1132 2767 et
1145 2736 1278 2776 lonqum,
1297 2734 1335 2765 II
1343 2733 1523 2764 membranis
1540 2733 1666 2764 insimul
1680 2733 1755 2764 sutis
1767 2733 1928 2772 constans.)

609 2791 745 2824 20439.
761 2812 799 2817 -
816 2793 902 2825 Item
915 2792 950 2823 in
965 2790 1126 2823 Nucerin.
1144 2791 1176 2822 et
1192 2789 1271 2820 aliis
1283 2788 1385 2820 terris
1399 2787 1491 2818 civit.
1510 2788 1542 2818 et
1555 2787 1602 2818 di.
1615 2786 1776 2818 Nucerin.
1793 2785 1950 2825 (Armario
1967 2785 2002 2823 C,
2015 2785 2091 2825 fasc.
2109 2786 2159 2823 58,

565 2858 597 2879 n.
609 2850 646 2879 21
658 2858 668 2885 5
681 2857 768 2889 per-q.
787 2846 908 2888 lonqum
921 2849 948 2876 et
961 2849 1096 2886 quatuor
1116 2842 1298 2874 membranis
1314 2840 1439 2871 insimul
1450 2840 1525 2870 sutis
1538 2840 1702 2879 constans.)

612 2951 746 2984 20440.
764 2973 801 2977 -
817 2954 903 2985 Item
921 2952 958 2984 in
971 2951 1107 2983 civitate
1125 2949 1353 2981 Assisinaten.
1373 2946 1528 2986 (Armorio
1546 2946 1581 2985 C,
1595 2946 1673 2986 fasc.
1689 2947 1738 2982 56,
1758 2955 1787 2976 n.
1806 2946 1843 2982 3,
1858 2943 1961 2985 perq.)
