2592 3562
371 317 411 347 92

403 404 504 431 Ditem
530 395 713 431 Avenione.

434 666 469 693 17
487 667 570 693 mart.
593 664 680 692 4324.

443 713 506 745 (xvi
522 710 580 738 kal.
595 710 670 745 apr.)

463 756 494 782 Τ.
510 756 556 789 XI,
573 755 644 782 XIII.

517 986 554 1014 Ut
575 995 598 1014 s.

501 1032 531 1058 T.
549 1031 604 1058 XL.

432 1309 469 1337 48
488 1311 571 1336 mart.
591 1307 680 1335 1324.

443 1354 496 1387 (xv
515 1352 574 1380 kal.
592 1352 670 1388 apr.)

410 1399 456 1426 Gr.
472 1406 523 1433 pro
543 1405 620 1433 pers.
639 1399 700 1425 not.

514 1576 551 1604 Ut
571 1585 594 1604 s.

519 1789 554 1816 Ut
572 1798 595 1816 s.

479 1834 509 1861 T.
530 1835 562 1866 X,
579 1835 638 1861 XII.

520 2057 556 2084 Ut
573 2065 596 2084 s.

469 2102 500 2128 T.
518 2102 563 2135 xl,
580 2102 651 2128 XIII.

524 2218 560 2245 Ut
576 2226 599 2246 S.

490 2262 520 2289 T.
540 2263 635 2290 XXIV.

509 2745 540 2772 Τ.
558 2720 614 2772 Χῖ...

523 2915 559 2943 Ut
578 2923 600 2942 s.

501 2960 531 2986 T.
550 2959 620 2986 XVI.

777 310 951 342 JOANNIS
974 309 1093 341 PAPAE
1115 309 1216 340 XXII.
1240 309 1488 351 (1316-1334).
1511 328 1550 334 —
1573 309 1760 341 LITTERAE
1782 308 2007 341 COMMUNES

798 511 859 542 per
877 511 948 534 can.
968 503 1076 543 ejusd.
1097 504 1242 535 monast.
1269 502 1347 544 gub.
1376 503 1528 541 solitum,
1552 513 1622 535 vac.
1653 512 1713 543 per
1737 503 1868 535 obItum
1894 502 2020 534 inillis
2044 501 2200 543 parthus
2227 503 2341 535 Pontii
2357 503 2400 536 de

799 555 951 593 Cobona3
980 556 1090 587 dictus
1107 558 1221 588 autem
1238 557 1361 588 Petrus
1375 557 1562 597 prioratum
1585 557 1627 589 de
1647 557 1788 589 Claellis
1805 557 1886 588 dicti
1909 556 1994 594 ord„
2017 556 2118 588 Dien.
2141 556 2200 594 di.,
2223 565 2284 597 per
2305 555 2399 588 eosd.

799 618 871 641 can.
888 609 1028 641 solitum
1044 609 1137 650 gub„
1155 610 1313 642 dimittat.
1333 611 1384 649 (A.
1405 611 1456 649 20,
1474 610 1497 641 f.
1513 612 1573 643 403
1589 610 1620 647 ¹³5
1641 610 1678 641 V.
1699 612 1749 648 76,
1765 619 1818 650 ep.
1835 611 1920 649 740.)

846 660 982 693 19147.
1001 680 1040 686 --
1058 662 1238 694 Meinlzardo
1262 663 1388 694 Nicolai
1409 665 1614 700 reservatur,
1643 664 1772 695 consid.
1801 663 1945 695 Joannis
1970 662 2062 703 regis
2087 662 2269 698 Bohemiae‚
2294 662 2398 703 praeb.

800 717 880 748 eccl.
897 717 1053 757 Pragen„
1073 716 1108 747 in
1134 725 1200 757 qua
1223 725 1265 748 ex
1289 718 1482 758 receptione
1506 717 1607 757 capit.
1628 726 1701 749 can.
1722 716 1840 749 existit
1847 725 1858 753 ;
1881 725 1948 748 non
1976 715 2063 748 obst.
2089 725 2117 747 s.
2143 716 2301 756 Procopii
2325 717 2403 748 ante

800 770 961 802 Brumam
977 771 1050 802 ets.
1070 770 1247 801 Laurentii
1264 770 1300 801 in
1323 771 1481 803 Pererow
1503 770 1658 811 capelIIs,
1681 779 1812 802 necnon
1836 770 1983 810 quodam
2008 769 2135 807 benef„
2159 769 2352 802 obedientia
2366 768 2403 801 in

799 824 985 855 Pizivisow
1001 823 1186 864 vulgariter
1200 825 1405 864 nuncupato,
1427 833 1488 864 per
1504 824 1664 864 praefatos
1681 824 1781 864 capit.
1805 823 1872 855 sibi
1888 825 1925 855 ut
1940 832 2013 855 can.
2033 823 2144 864 ipsius
2165 822 2246 855 eccl.
2266 822 2403 860 collato,

799 877 996 909 Olomucen.
1016 878 1049 908 et
1066 877 1209 917 Pragen.
1227 877 1273 908 di.
1293 895 1331 900 —
1344 877 1371 908 I.
1391 886 1420 909 e.
1438 886 1483 909 m.
1502 877 1543 908 de
1565 878 1655 909 Aula
1670 878 1773 918 regia,
1793 879 1826 908 et
1841 877 2064 909 Strahowien.
2090 877 2236 908 monast.
2256 875 2346 913 abb„
2365 884 2403 907 ac

798 931 925 962 decano
942 930 1021 962 eccl.
1040 930 1260 969 Crenisiren.,
1278 931 1422 971 Pragen.
1439 932 1471 962 et
1489 931 1686 963 Olomucen.
1705 931 1751 962 di.
1769 930 1822 970 (A.
1839 931 1890 968 20,
1910 930 1933 961 f.
1952 931 2013 962 408
2030 935 2062 968 ·;
2086 929 2119 960 V.
2133 931 2184 967 76,
2198 938 2251 970 ep.
2269 930 2355 968 779.)

846 981 982 1014 19148.
1007 1002 1045 1006 -
1066 983 1208 1015 Heberdo
1229 983 1266 1015 de
1282 983 1411 1022 Butam,
1437 983 1643 1015 subdiacono
1668 984 1814 1015 Misnen.
1842 984 1902 1020 di.,
1933 983 2155 1015 remittuntur
2176 982 2307 1015 fructus
2328 990 2403 1023 per·

799 1038 886 1078 cepti
914 1047 956 1069 ex
975 1037 1178 1077 quibusdam
1197 1037 1324 1069 curatis
1342 1038 1422 1069 eccl.
1447 1046 1532 1078 quas
1555 1036 1759 1075 successive,
1783 1046 1802 1068 a
1825 1037 1859 1069 S.
1885 1038 1926 1068 A.
1951 1045 2054 1076 super
2075 1035 2210 1068 defectu
2235 1035 2403 1068 natalium

799 1100 899 1132 quem
914 1091 1054 1131 patitur,
1076 1100 1152 1122 cum
1169 1091 1213 1122 sit
1232 1091 1272 1122 de
1291 1091 1405 1130 presb.
1424 1092 1456 1122 et
1476 1091 1589 1122 soluta
1611 1091 1759 1131 genitus,
1780 1090 2036 1131 dispensatione
2059 1099 2127 1122 non
2145 1089 2294 1128 obtenta,
2312 1097 2403 1121 asse-

799 1147 897 1176 cutus
914 1144 990 1182 fuit,
1007 1145 1087 1176 licet
1101 1144 1179 1175 illas
1197 1144 1334 1176 omnino
1349 1145 1468 1184 postea
1482 1144 1652 1175 dimiserit
1659 1153 1668 1181 3
1683 1152 1776 1175 conc.
1790 1144 1893 1175 etiam
1909 1143 2079 1175 absolutio
2095 1142 2138 1175 ab
2153 1142 2403 1183 irregularitate

799 1200 832 1230 et
854 1198 1081 1236 inhabilitate,
1103 1207 1140 1229 ac
1160 1198 1311 1238 dispens.
1329 1199 1366 1229 ut
1381 1197 1494 1230 benef.
1514 1206 1542 1229 c.
1567 1206 1595 1229 c.
1613 1197 1667 1229 vel
1689 1206 1717 1228 s.
1736 1206 1764 1229 c.
1790 1197 1942 1237 recipere
1962 1196 2084 1228 valeat.
2102 1196 2155 1236 (Α.
2173 1197 2225 1232 20,
2249 1196 2272 1227 f.
2289 1196 2350 1228 385
2366 1194 2400 1232 b;

804 1252 840 1284 V.
860 1254 909 1290 76,
927 1261 979 1292 ep.
1000 1252 1086 1291 886.)

845 1302 979 1334 19149.
999 1323 1038 1329 —-
1055 1305 1138 1345 May.
1158 1304 1261 1336 Bindo
1278 1304 1313 1335 de
1337 1304 1429 1335 Senis
1444 1313 1548 1344 praep.
1570 1304 1651 1335 eccl.
1673 1304 1861 1341 Colonien,
1885 1304 1986 1344 Papae
2005 1304 2088 1342 not„
2111 1303 2284 1335 executori
2302 1302 2404 1334 testa-

799 1359 905 1391 menti
920 1359 952 1390 b.
969 1368 1034 1390 me.
1051 1358 1221 1390 Ricciardi
1241 1367 1268 1389 s.
1284 1357 1459 1389 Eustachii
1476 1358 1561 1389 diac.
1578 1357 1683 1395 card„
1701 1357 1759 1398 qui
1775 1357 1944 1389 ordinavit
1959 1358 1996 1389 ut
2015 1357 2056 1389 de
2069 1356 2170 1389 bonis
2192 1356 2266 1388 suis
2284 1365 2319 1387 iv
2333 1364 2405 1388 mo-

800 1415 887 1445 nast.
904 1413 1118 1444 diversorum
1142 1412 1213 1442 ord.
1232 1412 1267 1442 in
1284 1411 1377 1442 civit.
1396 1411 1519 1443 Senen.
1537 1410 1678 1450 eJusque
1702 1410 1920 1450 pertinentiis
1938 1410 2174 1449 fundarentur,
2191 1418 2285 1442 conc.
2302 1409 2406 1441 licen-

799 1467 848 1498 tia
863 1466 965 1498 eundi
978 1466 1019 1496 ad
1034 1466 1149 1505 partes
1163 1465 1301 1496 easdem
1317 1465 1350 1495 et
1364 1464 1399 1494 in
1413 1464 1464 1495 eis
1474 1472 1535 1503 per
1546 1472 1673 1494 annum
1689 1463 1894 1495 immorandi
1906 1464 1944 1494 ut
1958 1465 2104 1495 monast.
2119 1463 2281 1503 praedIcta
2296 1463 2404 1495 metas

799 1519 1019 1560 perfectionis
1041 1518 1218 1558 attingant.
1236 1517 1289 1559 (A.
1312 1518 1363 1555 20,
1381 1517 1415 1548 ff.
1434 1519 1493 1548 333
1508 1517 1522 1538 ¹³
1536 1520 1568 1548 et
1583 1519 1642 1549 369
1655 1517 1684 1552 ὓς
1706 1517 1742 1548 V.
1758 1518 1809 1554 76,
1827 1525 1879 1557 ep.
1899 1518 1959 1549 686
1974 1517 2007 1548 et
2019 1518 2104 1555 765.)

847 1570 983 1603 19150.
1007 1589 1046 1594 --
1063 1571 1246 1612 Archiep.us
1261 1570 1473 1612 Neapolitan„
1491 1575 1521 1601 et
1539 1580 1564 1602 s.
1587 1570 1730 1602 Severini
1745 1569 1945 1611 Neapolitan.
1962 1579 1997 1600 ac
2012 1580 2037 1601 s.
2056 1569 2186 1601 Modesti
2199 1569 2406 1601 Beneuentum.

800 1631 928 1657 monast.
946 1626 1068 1656 abbates
1085 1625 1208 1656 dantur
1226 1626 1263 1655 ut
1278 1624 1412 1664 judices
1429 1625 1686 1655 conservatores
1711 1623 1754 1655 ad
1771 1623 2045 1664 quinquennium
2061 1623 2139 1655 abb.
2167 1625 2200 1655 et
2224 1631 2320 1655 conv.
2337 1631 2407 1654 mo-

800 1682 887 1712 nast.
906 1689 933 1711 s.
951 1679 1084 1719 Sophiae
1107 1679 1349 1716 Beneventan.‚
1367 1678 1410 1709 ad
1430 1678 1471 1710 R.
1490 1678 1528 1709 E.
1546 1677 1641 1709 nullo
1666 1677 1778 1709 medio
1797 1677 1934 1717 pertin„
1953 1677 1992 1709 Ο.
2017 1677 2050 1708 S.
2071 1677 2111 1708 B.
2132 1677 2185 1718 (Α.
2206 1677 2257 1715 20,
2279 1676 2303 1707 f.
2322 1677 2361 1709 91
2374 1675 2405 1713 ¹’;

805 1734 841 1766 V.
863 1736 912 1771 76,
928 1742 979 1773 ep.
999 1734 1083 1769 711.)

848 1785 986 1817 19151.
1003 1803 1042 1808 -—
1059 1786 1164 1824 Petro,
1188 1790 1259 1815 nato
1273 1785 1417 1826 Philippi
1434 1785 1603 1816 Brancacii
1620 1783 1684 1815 mil.
1705 1783 1916 1825 Neapofflan„
1937 1783 2037 1822 conf„
2053 1784 2183 1816 consid.
2202 1783 2344 1816 Roberti
2355 1783 2406 1815 Si-

803 1842 889 1873 ciliae
906 1841 1007 1881 regis,
1032 1848 1149 1871 canon.
1177 1839 1257 1871 eccl.
1276 1839 1400 1871 Nolan.
1423 1839 1459 1870 in
1479 1847 1546 1878 qua
1565 1839 1677 1870 certus
1701 1847 1774 1869 can.
1794 1846 1958 1869 numerus
1973 1839 2006 1869 et
2023 1837 2128 1877 praeb.
2148 1837 2322 1869 distinctio
2338 1845 2408 1869 non

803 1895 984 1930 habentur3
1003 1903 1070 1925 non
1086 1893 1173 1925 obst.
1191 1893 1280 1932 quod
1296 1892 1488 1932 archiep.us
1504 1900 1532 1923 s.
1556 1891 1727 1924 Severinae
1743 1899 1861 1922 canon.
1877 1890 1957 1923 eccl.
1976 1899 2004 1921 s.
2021 1889 2193 1922 Severinae
2208 1890 2276 1930 ipsi
2293 1890 2407 1921 contu-

802 1949 893 1980 lerit.
912 1966 949 1971 —-
962 1948 989 1979 Ι.
1009 1956 1038 1979 e.
1053 1956 1098 1978 m.
1117 1946 1266 1978 Henrico
1283 1946 1418 1978 Galiota
1437 1947 1470 1976 et
1494 1945 1679 1978 Guillelmo
1697 1944 1893 1982 Brancacio,
1919 1944 2148 1984 Neapolitan.,
2168 1952 2206 1975 ac
2227 1942 2352 1975 Joanni
2366 1943 2407 1975 de

803 2003 1028 2038 pontecurvo,
1045 2000 1249 2041 Aquinaten.
1267 2008 1339 2031 can.
1357 1999 1437 2030 eccl.
1457 1998 1508 2038 (A.
1528 2000 1579 2040 20,
1599 1998 1620 2029 f.
1638 1999 1697 2030 398
1716 2003 1743 2035 ⁸,·
1769 1998 1805 2029 V.
1824 1999 1875 2033 76,
1891 2006 1943 2037 ep.
1959 1999 2044 2037 713.)

850 2052 984 2084 19152.
1001 2073 1039 2078 -
1057 2053 1170 2085 Eidem
1187 2053 1296 2094 gratia
1314 2062 1409 2093 exsp.
1427 2052 1538 2084 benef.
1553 2061 1579 2084 s.
1594 2061 1636 2090 c.,
1653 2052 1777 2092 pertin.
1797 2052 1840 2083 ad
1855 2051 2012 2091 disposit.
2030 2051 2098 2091 ep.i
2113 2050 2250 2087 Nolam,
2265 2049 2301 2081 in
2313 2049 2407 2082 civit.

803 2109 858 2141 vel
871 2109 917 2140 di.
932 2108 1077 2145 Nolan.;
1100 2117 1167 2139 non
1187 2107 1273 2138 obst.
1292 2107 1382 2146 quod.
1405 2106 1598 2146 archiep.us
1613 2114 1640 2136 s.
1662 2105 1832 2137 Severinae
1849 2104 1917 2144 ipsi
1933 2113 2052 2136 canon.
2075 2104 2156 2136 eccl.
2183 2112 2211 2136 s.
2237 2103 2407 2135 severinae

804 2172 864 2203 per
883 2171 963 2194 suas
978 2162 1044 2193 litt.
1062 2160 1254 2193 contulerit.
1272 2178 1310 2183 —
1328 2160 1356 2192 I.
1375 2168 1403 2191 e.
1423 2169 1469 2191 m.
1488 2161 1525 2191 ut
1541 2169 1569 2191 s.
1585 2159 1638 2200 (A.
1657 2159 1709 2196 ΞΟ,
1730 2159 1755 2190 f.
1774 2160 1833 2190 365
1850 2164 1878 2195 ’,-
1900 2157 1934 2189 V.
1955 2160 2005 2195 76,
2021 2166 2073 2198 ep.
2092 2158 2178 2196 714.)

852 2213 987 2246 19153.
1004 2234 1027 2238 --
1057 2214 1224 2255 Archiep.o
1244 2213 1400 2255 Capuan„
1418 2218 1446 2244 et
1458 2223 1528 2254 ep.o
1548 2212 1700 2250 Themin„
1717 2222 1752 2243 ac
1768 2211 1900 2244 Geraldo
1916 2211 1952 2242 de
1965 2210 2053 2248 Lalo,
2074 2221 2142 2242 can.
2161 2209 2407 2247 claromonten„

805 2270 903 2311 Papae
922 2280 1004 2311 cap„
1021 2269 1134 2300 mand.
1151 2269 1189 2299 ut
1202 2267 1351 2299 Roberto
1367 2268 1445 2298 nato
1464 2266 1649 2298 Raimundi
1672 2266 1712 2297 de
1732 2265 1879 2298 Cabanis
1894 2265 1980 2303 mil.‚
2003 2265 2083 2296 cler.
2105 2264 2322 2304 Neapolitan.
2346 2263 2407 2299 di.,

805 2324 839 2355 S.
851 2324 895 2355 M.
916 2323 955 2355 de
973 2323 1092 2354 Castro
1108 2321 1318 2358 Avellarum,
1334 2322 1366 2352 et
1383 2321 1417 2353 S.
1437 2320 1482 2351 M.
1500 2320 1540 2351 de
1556 2319 1687 2357 Manto,
1703 2319 1827 2351 Nolan.
1845 2320 1877 2351 et
1893 2320 2058 2350 Aversan.
2074 2318 2134 2356 di.,
2151 2317 2233 2350 eccl.
2249 2326 2278 2349 S.
2294 2326 2323 2349 c.
2339 2325 2409 2349 rec-

805 2378 882 2414 tori,
907 2376 1081 2408 conferant
1096 2375 1207 2407 benef.
1227 2384 1255 2406 s.
1272 2384 1299 2406 c.
1313 2375 1517 2406 Torrianum
1529 2374 1576 2404 Lo
1588 2373 1694 2405 Greco
1707 2373 1892 2413 vulgariter
1906 2373 2150 2412 nuncupatum,
2165 2371 2271 2403 situm
2284 2371 2320 2402 in
2334 2371 2409 2403 loco

806 2431 864 2471 qui
878 2430 1002 2462 dicitur
1017 2430 1059 2460 ad
1077 2430 1207 2460 turrem
1222 2429 1263 2459 de
1281 2428 1417 2465 Oct-ava,
1438 2427 1654 2467 Neapolitan.
1673 2427 1733 2464 di.,
1754 2435 1825 2458 vac.
1846 2435 1906 2466 per
1922 2425 2004 2457 obit.
2021 2425 2111 2457 Petri
2132 2425 2173 2456 de
2191 2425 2322 2457 Comite
2335 2432 2408 2456 can.

805 2485 959 2521 Remen„
979 2484 1076 2524 cujus
1090 2482 1255 2514 beneficia
1264 2482 1359 2522 Papa
1374 2482 1531 2521 disposit.
1546 2489 1617 2512 suae
1627 2482 1861 2512 reservaverat
1867 2489 1876 2517 ;
1893 2481 2048 2511 cassatur
2062 2478 2172 2519 gratia
2185 2487 2278 2519 exsp.
2293 2477 2406 2510 benef.

806 2547 833 2569 s.
853 2547 881 2568 c.
901 2538 966 2569 eid.
981 2536 1142 2572 Roberto,
1158 2535 1297 2568 obtentu
1311 2535 1452 2567 Roberti
1466 2534 1556 2575 regis
1570 2535 1603 2566 et
1618 2534 1748 2566 Sanciae
1764 2533 1890 2565 Siciliae
1904 2533 2039 2573 reginae,
2059 2532 2218 2572 supplic.,
2235 2539 2409 2567 concessa,

806 2592 902 2632 cujus
920 2591 1045 2622 virtute
1063 2590 1192 2622 dictum
1206 2589 1318 2621 benef.
1335 2589 1513 2620 assecutus
1539 2588 1660 2625 fuerat,
1681 2587 1722 2618 de
1739 2587 1970 2618 reservatione
1987 2586 2096 2626 apost.
2115 2585 2266 2626 ignarus.
2288 2584 2341 2622 (A.
2356 2585 2407 2623 20,

806 2645 828 2676 f.
846 2646 906 2676 405
920 2644 952 2682 Β,
977 2643 1010 2675 V.
1028 2646 1077 2682 76,
1097 2652 1150 2683 ep.
1169 2642 1256 2682 768.)

852 2694 986 2726 19154.
1011 2715 1050 2719 -
1069 2697 1158 2738 Ep.o
1177 2695 1335 2728 Palemin.
1354 2696 1465 2726 mand.
1485 2696 1522 2726 ut
1540 2694 1715 2734 dispenset
1739 2694 1885 2725 Mariam
1903 2692 2020 2731 Nunii,
2048 2691 2232 2723 monialem
2258 2692 2406 2723 monast.

808 2760 834 2782 s.
851 2751 995 2782 Andreae
1012 2750 1053 2781 de
1069 2751 1216 2790 Armyo,
1233 2750 1304 2781 ord.
1323 2749 1478 2785 Cisterc.,
1494 2757 1564 2779 suae
1579 2748 1638 2785 di.,
1650 2747 1691 2778 de
1707 2747 1819 2779 s01ut0
1835 2748 1867 2778 et
1883 2746 1996 2777 soluta
2009 2745 2172 2786 genitam,
2188 2745 2225 2776 ut
2240 2744 2407 2776 natalium

808 2804 940 2836 defectu
961 2812 1027 2835 non
1050 2803 1137 2835 obst.
1154 2803 1196 2834 ad
1214 2811 1331 2834 omnes
1347 2802 1492 2833 honores
1511 2801 1593 2832 dicti
1613 2800 1697 2837 ord„
1722 2801 1755 2831 et
1775 2800 1878 2831 etiam
1894 2799 2077 2836 abbatiam,
2099 2798 2230 2830 assumi
2249 2798 2360 2830 valeat
2375 2799 2410 2830 et

808 2858 899 2898 eligi,
915 2857 1044 2889 consid.
1058 2856 1193 2888 Alfonsi
1209 2856 1299 2895 regis
1311 2855 1478 2887 Castellae.
1497 2854 1549 2894 (A.
1567 2855 1618 2890 20,
1637 2854 1660 2885 f.
1677 2855 1736 2885 509
1754 2859 1780 2890 ⁸3
1804 2853 1840 2885 V.
1860 2855 1909 2891 76,
1929 2861 1982 2892 ep.
1997 2852 2086 2892 980.)

853 2908 988 2940 19155.
1005 2928 1042 2933 -
1062 2909 1200 2942 Arnaldo
1215 2909 1282 2940 abb.
1303 2913 1432 2940 monast.
1448 2919 1473 2940 s.
1488 2907 1616 2948 Sophiae
1632 2907 1851 2944 Beneventum,
1866 2906 1909 2938 ad
1923 2907 1965 2938 R.
1979 2907 2018 2938 E.
2036 2905 2132 2937 nullo
2143 2905 2255 2937 medio
2268 2904 2408 2945 pertin„

807 2966 846 2998 O.
865 2965 898 2997 S.
922 2965 975 3003 B.,
999 2964 1100 2996 facul.
1126 2963 1331 2995 concedendi
1351 2961 1593 2993 tabellionatus
1618 2961 1674 2992 off.
1702 2961 1761 2992 uni
1781 2960 1861 2992 cler.
1885 2969 1952 2992 non
1969 2959 2146 3000 conjugato
2168 2959 2283 2991 necin
2301 2958 2412 2990 sacris

773 3057 776 3060 ,
808 3019 878 3051 ord.
896 3017 1091 3050 constituto.
1110 3017 1162 3058 (A.
1180 3018 1232 3054 20,
1249 3016 1272 3047 f.
1292 3017 1348 3048 117
1365 3021 1395 3053 ³5
1414 3015 1450 3047 V.
1470 3017 1519 3052 77,
1536 3023 1589 3055 ep.
1606 3015 1710 3053 2058.)
