2592 3562
393 304 452 335 216
621 295 873 330 APPENDICES
897 295 953 326 AD
975 293 1170 326 OCTAVUM
1192 293 1388 325 BULLARII
1409 292 1582 324 JOANNlS
1604 291 1695 323 XXII
1716 290 1877 323 ANNUM.
1899 309 1938 315 -—
1959 290 2198 331 (mae-18³4)

475 494 510 520 ιο
523 492 578 527 seb.
599 490 686 519 1324.

475 704 511 732 44
526 703 579 738 feb.
599 702 686 731 4324.

394 865 413 893 8
427 867 494 900 (v111
509 863 560 896 id.)
576 867 658 890 mart.
674 861 760 889 4324.

458 1023 496 1052 28
511 1026 593 1051 mart.
613 1021 700 1050 4324.

456 1131 491 1158 34
508 1133 590 1157 mart.
613 1128 700 1156 4324.

418 1175 480 1209 (Die
496 1174 600 1202 ultima
615 1172 737 1208 mensis)

504 1219 563 1245 ind.
582 1217 653 1245 vib.

431 1343 445 1368 4
463 1341 545 1377 (kal.)
561 1348 622 1376 apr.
639 1339 727 1368 4324.

488 1385 569 1412 Anno
588 1384 667 1412 V1110.

476 1500 493 1527 7
511 1508 572 1535 apr.
594 1499 682 1527 4324.

466 1659 501 1687 45
518 1667 580 1694 apr.
603 1658 692 1686 4324.

541 1819 576 1847 Ut
593 1827 615 1846 s.

466 1926 503 1952 16
522 1933 584 1961 apr.
604 1925 691 1952 4324.

467 2032 503 2059 48
521 2032 588 2058 maii
604 2031 692 2059 4324.

469 2078 521 2110 (xv
537 2076 595 2103 kal.
613 2075 690 2111 jun.)

487 2121 570 2147 Anno
586 2119 669 2148 V1110.

464 2190 504 2217 28
520 2191 589 2217 maii
605 2189 694 2217 4324.

464 2296 500 2323 21
517 2296 584 2330 jun.
604 2296 691 2324 4324.

475 2508 512 2535 16
521 2508 579 2541 jul.
599 2508 686 2535 4324.

544 2667 580 2694 Ut
593 2676 617 2695 s.

475 2827 512 2855 48
526 2827 584 2861 jul.
602 2827 690 2855 4324.

864 487 876 498 ¹
889 483 903 500 ’¹
916 484 1051 516 20584.
1069 503 1107 510 —
1130 485 1232 518 Bulla
1247 485 1390 518 Joannis
1404 485 1505 518 XXII
1521 493 1588 525 qua
1602 483 1758 525 prohibet
1778 481 1943 514 fratribus
1961 481 2145 522 hospitalis
2173 481 2370 514 Theutoniae
2388 481 2425 513 in

819 541 964 572 Livonia
979 549 1021 571 ne
1037 539 1220 572 molestent
1234 538 1357 570 fratres
1371 538 1444 570 ord.
1458 539 1497 570 P.
1515 539 1549 570 et
1566 537 1624 575 M„
1640 536 1828 576 neophytos
1844 534 1994 567 indebite
2009 535 2161 575 gravent,
2184 534 2327 575 Rigensi
2341 534 2424 566 eccl.

821 594 967 634 dampna
983 593 1142 630 inferant,
1160 601 1198 624 ac
1215 593 1350 624 revocat
1373 600 1493 624 omnes
1516 590 1808 623 confederationes
1831 588 1872 620 ab
1898 588 1984 628 ipsis
2006 587 2114 620 factas
2138 588 2174 619 10
2189 587 2425 628 praejudicIum

819 647 981 679 Ecclesiae
1003 647 1165 678 Romanae
1171 654 1181 682 ;
1197 645 1330 686 aliaque
1346 645 1434 686 ipsis
1448 644 1602 685 praecipit
1616 645 1649 675 et
1664 642 1831 683 prohibet.
1851 642 1886 683 (A
1894 641 2010 672 rmario
2025 640 2066 679 X,
2083 650 2176 682 capsa
2190 640 2218 678 1,
2233 651 2265 673 n.
2281 642 2326 681 2.)

866 696 1002 728 20585.
1017 717 1057 722 -
1071 699 1091 730 J
1094 698 1214 730 oannis
1226 697 1325 731 XXII
1339 698 1434 729 bulla
1446 706 1513 738 qua
1525 698 1546 729 J
1549 697 1650 729 oanni
1665 697 1706 728 de
1721 696 1857 728 Amelio
1871 695 2007 731 rectori,
2019 695 2102 727 olim
2117 694 2267 726 thesaur.
2281 694 2423 726 ducatus

819 752 1003 792 spoletan„
1039 752 1178 783 mandat
1206 753 1243 784 ut
1270 751 1389 783 reddat
1413 751 1580 783 rationem
1608 750 1649 781 de
1678 749 1848 790 perceptis
1878 751 2031 789 tempore
2063 748 2118 780 sui
2143 747 2424 779 thesaurariatus.

821 806 873 845 (A.
892 805 933 836 A.
951 805 1117 846 Instrum.)

863 854 877 871 v
893 855 1031 888 20586.
1052 875 1092 881 -
1107 859 1247 891 Litterae
1259 857 1377 890 Jacobi
1393 857 1559 890 Sardiniae
1572 858 1606 889 et
1615 857 1762 889 Corsicae
1771 856 1861 897 regis
1877 855 2003 896 quibus
2018 856 2272 896 procuratorem
2284 855 2424 895 deputat

820 912 862 942 ad
886 912 1131 952 impetrandam
1152 912 1297 952 gratiam
1311 911 1454 943 Joannis
1472 911 1573 942 XXII
1593 911 1634 942 de
1650 919 1716 942 non
1734 909 1896 941 solvendo
1913 918 1987 949 quae
2005 909 2143 948 propter
2162 907 2360 940 eorumdem
2375 911 2428 940 re-

820 973 965 1005 gnorum
980 965 1220 997 investituram
1240 966 1403 1006 praestare
1418 963 1573 996 debebat.
1593 963 1750 1003 (Ar-mario
1766 963 1824 997 XI,
1841 972 1935 1004 capsa
1944 962 2004 1000 IV,
2022 972 2054 992 n.
2068 963 2106 999 93
2123 961 2218 1002 oriq.)

867 1016 1004 1049 20587.
1033 1035 1073 1043 --
1097 1019 1240 1051 Joannis
1256 1019 1357 1051 XXII
1371 1018 1468 1050 bulla
1484 1018 1527 1050 ad
1543 1019 1711 1049 rectorem
1734 1016 1939 1048 Patrimonii
1959 1023 2021 1056 pro
2039 1014 2272 1055 publicatione
2293 1022 2427 1055 proces-

821 1081 922 1104 suum
939 1074 1054 1104 eontra
1066 1072 1306 1105 vicecomites.
1323 1072 1376 1112 (A.
1396 1072 1438 1102 A.
1452 1071 1612 1109 Instrum.)

865 1121 880 1139 v
893 1123 1030 1156 20588.
1049 1144 1087 1149 -
1104 1126 1269 1157 Instrum.
1286 1126 1464 1157 continens
1474 1125 1607 1165 copiam
1620 1124 1845 1165 quarumdam
1855 1123 2048 1155 litterarum
2058 1122 2202 1154 Joannis
2214 1122 2315 1163 Papae
2326 1121 2428 1154 XXII

821 1180 862 1211 de
884 1180 984 1211 annis
1006 1179 1115 1220 eJusd.
1133 1189 1178 1216 ιν,
1194 1188 1227 1216 v,
1241 1188 1288 1215 vi,
1304 1188 1350 1210 vn
1367 1179 1400 1210 et
1415 1187 1491 1215 vm,
1505 1178 1712 1210 directarum
1732 1176 1946 1209 thesaurario
1961 1177 1995 1208 et
2008 1175 2133 1208 rectori
2152 1175 2296 1207 ducatus
2311 1174 2427 1216 Spole-

820 1234 890 1265 tan.
909 1233 1067 1272 (Armario
1081 1232 1175 1270 XIII,
1195 1242 1290 1273 capsa
1310 1231 1380 1270 VII,
1395 1242 1426 1262 n.
1447 1233 1485 1270 2;
1503 1231 1580 1272 oriq.
1590 1240 1681 1273 per-9.
1698 1230 1820 1271 lonqum
1836 1235 1866 1261 et
1879 1229 1996 1261 duabus
2013 1229 2194 1260 membranis
2211 1228 2338 1260 insimul
2350 1228 2428 1260 sutis

822 1286 988 1326 constans.)

867 1337 1003 1369 20589.
1023 1358 1061 1363 -
1078 1340 1160 1372 Litt.
1182 1338 1450 1370 membranaceae
1465 1338 1609 1370 Joannis
1633 1337 1734 1369 XXII
1756 1337 1881 1377 quibus
1906 1336 2054 1368 absolvit
2074 1336 2289 1368 Jeronimum
2310 1344 2426 1376 ep.um
2445 1329 2449 1332 ⁴

821 1393 936 1425 Casen.
958 1393 999 1424 ab
1023 1402 1152 1425 excom.
1170 1393 1310 1424 incursa
1323 1392 1605 1424 communicando
1625 1400 1703 1422 cum
1720 1389 2000 1422 Ferrariensibus
2015 1389 2334 1421 excommunicatis.
2353 1388 2426 1429 (Ar-

820 1446 917 1477 mario
930 1446 1003 1482 XV,
1022 1456 1116 1487 capsa
1138 1446 1193 1485 VI,
1211 1456 1242 1478 π.
1259 1445 1326 1486 52.)

864 1495 879 1512 v
890 1497 1028 1529 20590.
1043 1518 1081 1523 -
1091 1500 1361 1539 Transumptum
1376 1498 1659 1538 emancipationis
1671 1497 1767 1529 factae
1777 1506 1836 1529 xiv
1851 1497 1920 1529 kal.
1930 1496 2019 1537 junii
2028 1498 2108 1528 1322
2117 1506 2137 1529 a
2148 1497 2169 1528 J
2171 1496 2288 1533 acobo,
2300 1497 2429 1538 Arago-

820 1561 902 1584 num
925 1561 1014 1593 rege,
1035 1552 1130 1584 Petri
1145 1552 1292 1583 Infantis
1314 1551 1390 1582 filii.
1415 1551 1573 1591 (Armario
1591 1550 1650 1587 XI,
1668 1560 1760 1592 capsa
1778 1550 1838 1589 IV,
1855 1561 1887 1582 n.
1906 1551 1961 1587 28;
1983 1549 2214 1591 autoqraplzum
2233 1559 2300 1581 cum
2321 1549 2427 1591 etymo

821 1607 931 1644 cereo.)

865 1655 880 1672 v
895 1656 1033 1689 20591.
1054 1677 1091 1681 -
1116 1659 1248 1690 Littera
1269 1657 1411 1691 Roberti
1434 1658 1559 1690 Siciliae
1582 1657 1673 1698 regis
1699 1666 1766 1698 qua
1781 1656 1946 1697 approbat
1962 1655 2106 1694 bullam,
2133 1656 2169 1687 in
2191 1665 2231 1688 ea
2248 1656 2426 1695 insertam,

819 1713 962 1744 Joannis
976 1713 1078 1744 XXII
1096 1721 1198 1753 super
1214 1712 1453 1752 prorogatione
1469 1711 1626 1743 solvendi
1641 1719 1775 1742 census.
1793 1710 1954 1750 (Ar-mario
1970 1709 2029 1749 XI,
2049 1719 2142 1751 capsa
2165 1709 2201 1747 V,
2217 1720 2250 1742 n.
2267 1711 2323 1748 263
2343 1709 2424 1751 on'q.

821 1776 887 1797 cum
900 1765 1004 1806 siqillo
1021 1765 1143 1806 aureo.)

865 1817 1002 1849 20592.
1014 1838 1053 1842 -
1065 1820 1085 1850 J
1088 1819 1208 1850 oannis
1222 1819 1323 1851 XXII
1335 1818 1430 1850 bulla
1441 1818 1483 1849 ad
1495 1819 1661 1850 rectorem
1673 1818 1878 1849 Patrimonii
1888 1826 1949 1858 pro
1962 1817 2192 1857 publicatione
2202 1825 2426 1858 processuum

820 1875 937 1905 contra
953 1874 1083 1913 legatos
1098 1873 1233 1910 Bavari,
1249 1873 1400 1904 fautores
1414 1871 1674 1903 Vicecomitum.
1694 1871 1749 1911 (A.
1765 1872 1805 1902 A.
1823 1871 1984 1911 Instrum.)

864 1923 1000 1955 20583.
1014 1944 1052 1949 -
1063 1927 1083 1957 J
1086 1926 1206 1957 oannis
1221 1925 1322 1957 XXII
1337 1915 1435 1956 bulla*
1443 1925 1485 1956 ad
1497 1926 1663 1956 rectorem
1675 1924 1875 1964 patrimonii
1885 1926 2003 1956 contra
2013 1923 2281 1956 ambasciatores
2290 1924 2427 1962 Bavari,

820 1989 934 2020 ep.um
950 1980 1096 2016 Aretin.,
1110 1979 1349 2016 Vicecomites,
1363 1987 1541 2010 commune
1556 1978 1707 2009 Firman.
1724 1979 1758 2009 et
1771 1979 1899 2009 terram
1912 1977 2085 2009 Fabriani.
2103 1978 2155 2016 (A.
2169 1978 2211 2008 A.
2227 1977 2391 2018 Instrum.)

864 2029 878 2046 Ἰ
895 2030 1030 2062 20594.
1052 2050 1092 2055 -
1106 2033 1294 2064 Processus
1305 2033 1421 2063 contra
1431 2031 1649 2069 Rainaldum,
1665 2030 1852 2070 Opizonem
1865 2031 1898 2061 et
1909 2030 2072 2068 Azonem,
2081 2029 2295 2062 marchiones
2307 2030 2426 2062 Esten.

821 2087 978 2126 (Ar-mario
993 2086 1064 2123 XV,
1084 2096 1177 2127 capsa
1197 2086 1250 2122 Vl,
1269 2096 1298 2116 n.
1315 2086 1424 2122 47-48;
1439 2085 1515 2126 oriy.
1535 2084 1823 2123 membranaceum.)

864 2191 1002 2223 20595.
1024 2211 1063 2215 -
1088 2193 1235 2224 Conradi
1257 2193 1453 2225 Olomucen.
1478 2192 1547 2232 ep.i
1567 2191 1690 2223 litterae
1710 2191 1752 2222 ad
1772 2192 1938 2222 Joannem
1963 2190 2064 2222 XXII
2087 2190 2128 2221 de
2147 2190 2339 2230 receptIone
2357 2189 2426 2222 litt·

819 2249 937 2279 contra
953 2248 1135 2279 Bavarum.
1154 2246 1208 2286 (A.
1226 2246 1267 2277 A.
1284 2246 1444 2286 Instrum.)

864 2296 879 2313 v
895 2298 1031 2330 20598.
1048 2317 1086 2323 —-
1105 2301 1268 2331 Instrum.
1287 2299 1464 2340 publicum
1484 2307 1562 2330 cum
1582 2299 1691 2339 signis
1711 2299 1745 2330 et
1767 2299 1912 2329 duorum
1929 2298 1999 2329 not.
2019 2296 2341 2336 subscriptionibus,
2360 2305 2428 2337 quo

819 2355 966 2385 Joannes
984 2354 1083 2385 XXII
1100 2353 1226 2384 Jacobo
1241 2353 1407 2385 Sardiniae
1424 2353 1457 2384 et
1472 2352 1619 2384 Corsicae
1637 2351 1710 2392 regi
1725 2353 1857 2391 partem
1878 2359 1996 2382 eorum
2012 2359 2086 2391 quae
2102 2351 2242 2390 propter
2258 2349 2427 2382 dictorum

821 2416 1006 2447 regnorum
1029 2407 1270 2438 investituram
1287 2407 1450 2446 praestare
1468 2405 1625 2442 debebat,
1645 2414 1688 2436 ex
1703 2413 1797 2436 mera
1813 2404 2020 2436 liberalitate
2035 2403 2190 2435 remittit.
2207 2403 2368 2444 (Ar-mario
2380 2402 2428 2440 11,

820 2470 910 2501 capsa
925 2460 984 2497 IV,
998 2470 1028 2490 n.
1045 2462 1085 2496 83
1103 2461 1181 2500 oriq.
1196 2461 1263 2490 sine
1277 2458 1408 2500 siyillo.)

866 2511 1002 2542 20597.
1029 2532 1064 2536 -
1085 2513 1309 2545 Praesentatio
1324 2513 1390 2544 litt.
1406 2513 1549 2544 rectoris
1560 2512 1703 2543 ducatus
1719 2511 1891 2551 Spoletan.
1907 2511 1996 2542 facta
2008 2509 2259 2548 communibus,
2269 2509 2427 2550 plebanis

821 2569 853 2599 et
869 2567 1106 2607 superioribus
1120 2576 1216 2598 conv.
1233 2566 1315 2598 dicti
1334 2566 1476 2597 ducatus
1493 2574 1555 2605 pro
1570 2565 1800 2605 publicatione
1822 2572 2047 2604 processuum
2069 2563 2214 2595 Joannis
2235 2563 2336 2595 XXII
2351 2571 2428 2595 con-

819 2622 873 2652 tra
888 2620 1114 2658 Auximanos‚
1134 2621 1340 2652 Racanaten.
1360 2620 1393 2651 et
1409 2619 1496 2650 alios
1508 2618 1655 2650 rebelles
1671 2617 1840 2650 Marchiae.
1857 2617 1913 2658 (A.
1927 2617 1969 2648 A.
1985 2617 2148 2657 Instrum.)

866 2670 1002 2703 20598.
1027 2691 1067 2696 —-
1081 2673 1304 2705 Praesentatio
1312 2673 1378 2705 litt.
1394 2672 1537 2704 rectoris
1550 2672 1693 2703 ducatus
1704 2671 1877 2711 Spoletan.
1892 2679 1954 2711 pro
1965 2670 2193 2711 publicatione
2203 2677 2427 2710 processuum

821 2729 938 2759 contra
966 2727 1109 2758 comites
1135 2727 1176 2758 de
1203 2726 1444 2758 Monteferetro
1470 2727 1502 2757 et
1525 2725 1723 2762 Urbinates‚
1761 2724 1858 2756 factae
1888 2723 2128 2756 communibus
2160 2723 2242 2754 dicti
2268 2723 2425 2755 ducatus,

824 2781 875 2819 (A.
888 2780 928 2811 A.
947 2780 1110 2821 Instrum.)

868 2831 1005 2863 20599.
1032 2852 1071 2857 -
1095 2834 1318 2865 Praesentatio
1343 2833 1410 2865 litt.
1429 2832 1572 2864 Joannis
1590 2832 1631 2863 de
1647 2831 1793 2868 Amelio,
1821 2830 1946 2862 rectori
1969 2830 2113 2862 ducatus
2128 2829 2314 2870 Spoletan„
2337 2829 2428 2861 facta

822 2886 1062 2918 communibus
1078 2888 1109 2918 et
1126 2887 1211 2918 locis
1228 2887 1297 2927 piis
1312 2886 1420 2927 ejusd.
1437 2886 1580 2918 ducatus
1603 2893 1664 2925 pro
1685 2884 1915 2924 publicatione
1938 2892 2160 2924 processuum
2179 2883 2297 2914 contra
2321 2883 2427 2914 Bava-

823 2949 910 2972 rum.
931 2940 982 2980 (A.
1001 2939 1041 2971 A.
1057 2939 1220 2980 Instrum.)
