2592 3562
390 293 450 322 260

421 382 524 409 Datum
541 374 722 409 Avenione.

463 483 499 510 {8
517 489 579 508 nov.
598 479 684 508 1324.

457 526 520 561 (xiv
538 525 596 552 kal.
612 523 689 557 dec.)

494 569 524 596 T.
542 569 575 601 X,
592 568 649 595 XII.

462 695 498 721 19
517 701 578 720 nov.
598 692 685 719 1324.

459 739 526 774 (xm
542 737 599 765 kal.
611 735 688 771 dec.)

423 784 469 811 Gr.
490 791 540 818 pro
558 790 623 816 nep.
643 780 721 807 card.

458 1014 497 1042 20
515 1022 577 1041 nov.
599 1012 686 1041 1324.

463 1062 517 1094 (xn
534 1057 592 1086 kal.
608 1057 684 1091 dec.)

481 1104 511 1131 T.
532 1103 576 1137 xi,
596 1102 664 1129 xm.

535 1281 571 1309 Ut
587 1288 611 1307 s.

522 1325 552 1352 T.
571 1324 628 1351 XII.

534 1440 570 1468 Ut
590 1448 613 1466 s.

518 1485 548 1512 T.
570 1484 627 1511 XII.

537 1547 571 1574 Ut
591 1555 614 1574 s.

499 1593 530 1619 T.
551 1591 644 1618 XXIV.

534 1654 569 1681 Ut
586 1662 608 1681 s.

530 1699 559 1725 T.
581 1699 611 1725 C.

533 2185 569 2213 Ut
590 2194 614 2214 s.

519 2230 549 2257 Τ.
566 2230 620 2257 XL.

531 2345 567 2373 Ut
587 2354 610 2373 s.

447 2389 477 2416 T.
495 2390 574 2424 XXX,
590 2390 695 2418 xxxu.

537 2558 571 2585 Ut
586 2567 609 2586 s.

485 2601 516 2628 T.
538 2602 654 2630 xxxvl.

460 2929 497 2956 21
515 2937 577 2957 ηου.
598 2930 686 2958 1324.

467 2974 510 3009 (xi
526 2974 584 3001 kal.
605 2975 679 3011 dec.)

787 285 960 316 JOANNIS
978 284 1095 315 PAPAE
1117 284 1221 316 XXII.
1246 285 1495 323 (1316-1334).
1519 300 1557 305 —
1579 282 1764 313 LITTERAE
1787 281 2013 314 COMMUNES

859 476 997 510 21058.
1015 496 1052 501 -
1071 478 1244 509 Βενιναηᾱο
1270 477 1386 518 Gasqui
1407 477 1445 508 de
1461 476 1643 508 Malamorte
1660 477 1797 509 collatio
1816 486 1934 509 canon.
1954 476 2019 509 sub
2033 486 2131 519 exsp.
2154 478 2257 519 proeb.
2273 479 2354 511 eccl.
2370 479 2412 512 de

814 533 972 568 Bariolis,
999 531 1206 571 Forojulien.
1225 531 1272 562 di.
1290 549 1327 554 -
1347 531 1373 562 I.
1393 539 1422 562 e.
1438 539 1482 562 m.
1505 531 1631 562 decano
1656 539 1684 561 s.
1705 530 1867 570 Stephani
1883 530 1924 562 de
1941 531 2092 564 Tescone
2113 531 2366 571 Montisalban„
2380 534 2413 565 et

815 586 940 617 archid.
970 587 1112 625 Aquen„
1134 593 1171 615 ac
1194 584 1366 615 Helisario
1390 583 1429 615 de
1462 583 1653 621 villanova,
1679 592 1751 615 can.
1778 584 1968 615 Massilien.
1995 584 2077 616 eccl.
2102 586 2153 624 (Α.
2177 586 2230 623 23,
2255 584 2280 617 f.
2302 586 2362 618 548
2378 585 2411 624 Ι’;

822 639 857 670 V.
870 642 918 676 79,
937 647 989 678 ep.
1007 639 1112 676 2414.)
2259 681 2263 684 .

858 689 995 721 21059.
1011 710 1048 714 -
1060 691 1175 722 ιῙοαηνιί
1189 694 1261 720 nato
1278 700 1308 719 n.
1325 700 1353 721 v.
1370 689 1476 721 Caroli
1491 689 1527 720 de
1538 689 1805 726 Flisco‚Palatin.
1817 691 1850 722 et
1861 690 2018 723 Lavanioe
2031 691 2179 729 comnis,
2190 691 2305 732 nepoti
2315 692 2412 724 Lueae

813 746 846 778 S.
865 746 909 777 M.
931 746 963 776 in
983 745 1047 776 Via
1062 744 1129 775 lata
1151 744 1237 774 diac.
1256 743 1346 774 card.
1369 743 1527 783 supplic..
1549 743 1686 775 collatio
1709 752 1828 775 canon.
1847 745 1879 776 et
1902 743 2005 784 praeb.
2023 744 2104 776 eccl.
2122 744 2334 777 Lincolnien.
2353 754 2414 786 per

815 799 973 838 resignat.
1001 807 1032 829 n.
1051 807 1081 827 v.
1102 797 1244 828 Luchini
1269 797 1310 827 de
1335 796 1448 828 Flisco
1467 796 1557 836 apud
1575 796 1609 828 S.
1629 797 1671 828 A.
1691 797 1812 836 sponte
1829 796 1953 829 factam
1980 806 2067 835 vac.‚
2082 797 2162 830 lieet
2185 798 2226 830 de
2244 806 2362 830 canon.
2379 799 2413 831 et

814 852 914 893 praeb.
937 851 1015 882 eccl.
1035 850 1250 886 Noviomen..
1268 851 1347 881 tunc
1362 857 1447 887 vac„
1466 858 1527 889 per
1542 849 1607 881 litt.
1625 851 1733 890 apost.
1751 850 1910 890 provisus
1926 850 2041 889 fuerit.
2057 859 2204 895 ,quorum
2224 851 2412 892 possessio-

814 915 890 936 nem
918 904 1067 935 nondum
1090 905 1141 934 est
1157 903 1346 934 assecutus.
1363 919 1400 925 -
1414 902 1441 933 1.
1456 911 1484 934 e.
1500 911 1546 934 m.
1563 911 1639 943 ep.o
1658 903 1901 941 Winctonien.,
1918 904 1951 935 et
1964 903 2040 936 abb.
2058 906 2204 936 monast.
2223 909 2251 936 s.
2272 904 2343 937 Ciri
2358 904 2412 937 Ja-

815 967 928 995 nuen,
944 967 980 988 ac
996 958 1095 988 Petro
1115 957 1155 987 de
1170 956 1319 993 Verulis,
1338 964 1410 987 can.
1426 956 1506 987 eccl.
1525 956 1720 988 Cracovien.
1741 957 1792 996 (Α.
1810 958 1863 994 22,
1879 957 1901 988 f.
1916 958 1977 989 234
1993 957 2023 994 ¹‘;
2045 957 2082 989 V.
2097 958 2148 996 78,
2164 965 2217 998 ep.
2231 958 2319 997 410.)

859 1008 993 1040 21000.
1021 1028 1058 1033 -
1085 1009 1243 1040 Bernardo
1262 1008 1426 1049 Stephani,
1452 1009 1552 1049 Papae
1576 1009 1699 1046 famil„
1720 1010 1856 1041 collatio
1877 1009 2055 1042 archidiae.
2080 1010 2252 1052 Figiacen.
2273 1011 2309 1042 in
2331 1010 2412 1043 eccl.

815 1067 992 1098 Caturcen.
1011 1066 1042 1095 et
1058 1063 1160 1103 praeb.
1179 1062 1290 1094 eidem
1305 1071 1457 1099 annexae,
1471 1071 1531 1102 per
1546 1062 1677 1094 obitum
1693 1063 1934 1095 Bartholomaei
1952 1063 1992 1095 de
2010 1064 2102 1096 Arcu
2117 1064 2206 1104 apud
2221 1064 2255 1096 S.
2273 1064 2315 1096 A.
2329 1072 2412 1106 prae-

814 1119 869 1150 via
886 1118 1048 1150 reservat.
1066 1125 1137 1147 vac.
1146 1125 1155 1152 ;
1173 1116 1275 1147 aliam
1292 1124 1372 1147 vero
1388 1115 1505 1155 praeb„
1520 1125 1621 1156 quam
1641 1116 1676 1147 in
1693 1116 1767 1148 ead.
1786 1116 1867 1148 eccl.
1882 1116 2024 1156 obtinet,
2042 1117 2205 1150 dimittat.
2223 1135 2262 1140 —
2277 1118 2305 1150 1.
2318 1126 2348 1150 e.
2365 1126 2413 1151 m.

815 1172 939 1203 decano
957 1179 984 1201 s.
1001 1169 1159 1210 Stephani
1173 1170 1213 1200 de
1229 1169 1382 1200 Tescone
1398 1169 1651 1207 Montisalban.‚
1671 1171 1704 1201 et
1718 1178 1822 1210 praep.
1836 1170 2068 1210 Mirapiscen.,
2082 1179 2120 1202 ac
2134 1170 2285 1203 Arnaldo
2300 1171 2342 1203 de
2353 1171 2412 1204 Pe

814 1225 917 1262 trina,
941 1233 1013 1255 can.
1033 1223 1203 1255 Turonen.
1226 1222 1306 1254 eccl.
1326 1223 1378 1261 (A.
1393 1223 1445 1259 22,
1460 1222 1483 1253 f.
1499 1224 1558 1254 217
1575 1227 1605 1259 ⁸;
1627 1222 1664 1254 V.
1681 1224 1731 1260 78,
1751 1232 1803 1263 ep.
1822 1224 1909 1263 358.)

859 1275 997 1307 21061.
1011 1294 1050 1299 —
1070 1275 1110 1306 N.
1129 1286 1168 1308 m.
1193 1276 1333 1314 Tmesiae,
1355 1276 1486 1306 consorti
1499 1275 1654 1317 Alphonsi
1671 1276 1791 1307 comitis
1811 1275 1978 1318 Urqellen„
1996 1277 2214 1317 primogeniti
2231 1277 2349 1310 Jacobi
2364 1286 2413 1310 re-

814 1332 865 1371 gis
882 1331 1087 1370 Aragonnm,
1107 1329 1302 1369 indulgetur
1320 1331 1357 1360 ut
1371 1329 1547 1360 confessor
1562 1338 1646 1360 suus
1661 1330 1772 1369 possit
1785 1329 1853 1370 ipsi
1869 1330 2058 1361 ecclesiast.
2073 1332 2286 1363 sacramenta
2297 1330 2415 1363 minis-

813 1386 914 1416 trare.
931 1384 984 1424 (A.
1004 1385 1056 1420 22,
1075 1383 1098 1414 f.
1118 1384 1177 1414 277
1193 1388 1222 1419 ²3
1245 1382 1278 1413 V.
1293 1384 1343 1417 78,
1361 1391 1413 1422 ep.
1431 1382 1520 1422 381.)

857 1435 994 1467 21062.
1014 1454 1051 1459 —
1067 1436 1178 1467 Eidem
1196 1436 1319 1467 indult.
1336 1436 1483 1476 eligendi
1500 1436 1742 1468 confessorem.
1761 1436 1814 1476 (A.
1827 1438 1879 1475 22,
1899 1436 1923 1468 f.
1938 1438 1999 1468 277
2016 1442 2048 1475 ·;
2069 1437 2106 1468 V.
2125 1438 2175 1476 78,
2191 1446 2245 1478 ep.
2259 1438 2346 1477 382.)

858 1541 994 1574 21063.
1012 1562 1051 1566 -
1068 1543 1175 1574 Eidem
1192 1543 1389 1583 indulgetur
1404 1543 1440 1574 ut
1458 1543 1548 1574 idem
1569 1543 1744 1574 confessor
1760 1543 1866 1574 semel
1880 1543 1947 1583 ipsi
1967 1543 2003 1574 in
2015 1544 2135 1575 mortis
2147 1544 2292 1576 articulo
2304 1544 2415 1585 possit

812 1598 947 1636 plenam
964 1598 1178 1637 peccatorum
1195 1596 1433 1628 remissionem
1447 1597 1639 1628 concedere.
1655 1597 1708 1638 (A.
1727 1597 1779 1634 22,
1798 1597 1820 1627 f.
1834 1598 1894 1628 277
1911 1602 1940 1634 ²5
1966 1596 1998 1627 V.
2012 1598 2064 1635 78,
2080 1605 2132 1638 ep.
2149 1599 2235 1638 383.)

857 1648 995 1680 21064.
1010 1667 1047 1673 —
1061 1650 1230 1691 Archiep.o
1251 1650 1519 1690 Caesarauqustan.
1540 1650 1665 1690 ejusque
1678 1650 1884 1691 suffrayaneis
1899 1650 2012 1682 mand.
2026 1652 2062 1682 ut
2077 1650 2244 1683 decimam
2261 1651 2415 1684 omnium

813 1704 1000 1735 ecclesiast.
1018 1705 1244 1743 proventuum
1258 1703 1383 1735 Jacobo
1400 1703 1471 1743 regi
1490 1703 1686 1743 Aragonum
1704 1704 1746 1734 ad
1761 1703 1938 1735 biennium
1954 1712 2149 1736 concessam
2168 1704 2203 1735 in
2221 1703 2418 1737 subventio-

813 1766 889 1789 nem
904 1766 1130 1797 expensarum
1145 1766 1206 1797 per
1221 1757 1333 1797 ipsum
1349 1757 1515 1788 factarum
1531 1757 1565 1787 in
1579 1757 1733 1796 captione
1745 1759 1778 1788 et
1794 1757 2019 1797 acquisitione
2030 1757 2124 1798 regni
2137 1757 2314 1795 Sardiniae,
2327 1758 2417 1798 quod

813 1812 940 1842 dudum
957 1811 1154 1842 Bonifacius
1169 1811 1261 1850 Papa
1277 1810 1358 1842 VIII
1374 1810 1442 1850 ipsi
1458 1812 1490 1842 et
1507 1802 1699 1841 haeredibus
1715 1810 1788 1841 suis
1806 1810 1870 1841 sub
1888 1810 1991 1842 certis
2011 1819 2115 1842 censu
2133 1819 2244 1843 annuo
2262 1812 2296 1843 et
2311 1811 2417 1843 servi-

812 1865 871 1896 tiis
886 1874 923 1896 ac
940 1865 1019 1895 aliis
1042 1864 1295 1895 conditionibus
1311 1864 1343 1894 et
1366 1863 1474 1903 pactis
1490 1864 1629 1895 donavit
1645 1865 1745 1904 atque
1765 1864 1944 1901 concessit,
1965 1864 2095 1905 integre
2113 1864 2311 1904 persolvant
2324 1866 2358 1897 et
2373 1865 2416 1897 ab

813 1927 929 1950 eorum
946 1918 1094 1949 subditis
1111 1918 1260 1957 persolvi
1274 1917 1399 1948 faciant
1405 1925 1415 1953 ;
1430 1917 1579 1948 instante
1598 1926 1631 1948 n.
1649 1926 1680 1947 v.
1697 1917 1812 1953 Petro,
1825 1917 1948 1948 comite
1963 1917 2187 1958 Ripacursiae,
2201 1917 2310 1958 ejusd.
2326 1918 2416 1960 regis

813 1972 884 2003 filio
901 1973 933 2003 et
949 1972 1081 2003 nuntio.
1106 1971 1158 2011 (A.
1175 1972 1227 2008 22,
1247 1971 1270 2001 f.
1286 1971 1347 2002 232
1361 1975 1390 2007 ³;
1411 1970 1447 2001 V.
1467 1971 1517 2008 78,
1535 1978 1587 2010 ep.
1603 1971 1688 2008 389.)

858 2022 995 2055 21065.
1011 2042 1049 2047 —
1066 2024 1180 2055 Eidem
1199 2023 1351 2064 arclziep.o
1367 2029 1395 2054 et
1417 2033 1500 2064 pers.
1516 2023 1680 2055 ecclesiast.
1697 2033 1755 2064 per
1773 2024 1965 2064 provinciam
1980 2023 2248 2065 Caesarauqustan.
2264 2025 2350 2056 intra
2364 2035 2415 2056 re-

812 2089 905 2119 ynum
920 2084 947 2109 et
965 2083 1063 2109 terras
1073 2078 1290 2119 praefatireyis
1306 2077 1479 2108 constitutis
1497 2077 1610 2108 mand.
1620 2079 1658 2108 ut
1674 2078 1878 2109 antedictam
1894 2077 2061 2109 decimam
2076 2078 2286 2118 persolvant.
2295 2079 2415 2119 (A.22,

813 2132 835 2163 f.
852 2134 911 2164 233
928 2138 956 2168 ἃ,
982 2132 1017 2163 V.
1037 2133 1086 2168 78,
1105 2141 1157 2171 ep.
1176 2132 1263 2171 390.)

858 2183 993 2215 21066.
1010 2203 1048 2209 -
1062 2185 1102 2216 N.
1118 2196 1147 2216 v.
1167 2185 1261 2216 Petro
1284 2189 1358 2215 nato
1376 2185 1503 2225 praefati
1524 2185 1617 2225 reqis,
1634 2185 1749 2215 comiti
1771 2184 1996 2224 Ripacurciae,
2010 2185 2162 2225 dispens.
2185 2186 2223 2217 ut
2237 2194 2315 2217 cum
2334 2194 2415 2226 qua-

813 2248 956 2279 cumque
978 2239 1122 2270 muliere
1141 2239 1176 2269 in
1196 2244 1246 2270 111⁰
1265 2238 1317 2270 vel
1336 2243 1382 2270 [ν’
1397 2238 1616 2278 consanguin.
1634 2238 1688 2269 vel
1707 2237 1800 2269 affin.
1821 2237 1984 2277 gradibus
2003 2238 2151 2270 distante
2169 2238 2320 2271 matrim.
2338 2247 2416 2272 con·

813 2293 946 2324 trahere
962 2293 1084 2332 possit.
1104 2292 1154 2329 (A.
1171 2293 1223 2329 22,
1238 2292 1260 2323 f.
1280 2293 1341 2323 277
1357 2291 1386 2328 1³3
1411 2291 1445 2322 V.
1463 2293 1514 2329 78,
1529 2300 1581 2331 ep.
1599 2292 1685 2331 394.)

858 2343 992 2374 21067.
1011 2363 1049 2367 --
1065 2345 1267 2386 Berenqario,
1287 2354 1358 2386 epo
1382 2345 1499 2382 Vicen„
1521 2345 1622 2377 facul.
1641 2344 1828 2385 recipiendi
1846 2345 2059 2376 moderatum
2079 2344 2270 2377 subsidium
2287 2354 2308 2377 a
2322 2354 2414 2386 pers.

814 2400 1054 2431 ecclesiasticis
1070 2408 1210 2430 suarum
1227 2399 1319 2430 civit.
1335 2399 1367 2430 et
1383 2399 1429 2429 di.
1446 2417 1483 2421 -
1499 2399 1526 2430 Ι.
1544 2407 1573 2430 e.
1593 2407 1638 2429 m.
1655 2398 1801 2430 Geraldo
1818 2398 1859 2429 de
1872 2398 1992 2435 Galba,
2009 2397 2269 2436 Bai-chinonem,
2282 2399 2315 2431 et
2329 2399 2416 2431 Gau-

813 2453 902 2484 frido
915 2453 956 2484 de
973 2453 1108 2491 Bienre,
1118 2453 1356 2490 Terraconen„
1367 2461 1405 2483 ac
1417 2452 1566 2483 Arnaldo
1581 2451 1622 2483 de
1636 2452 1768 2489 Mauso,
1780 2451 1952 2492 Urgellen.
1967 2451 2048 2483 eccl.
2066 2460 2139 2483 can.
2155 2451 2207 2491 (Α.
2220 2453 2273 2491 22,
2283 2452 2415 2490 f.278·;

820 2506 852 2536 V.
875 2507 925 2541 78,
943 2514 995 2545 ep.
1014 2505 1098 2544 395.)

858 2556 994 2589 21068.
1012 2577 1050 2582 -
1065 2558 1147 2599 Ερ.ο
1171 2558 1328 2589 Palantia.
1358 2559 1471 2590 mand.
1493 2560 1530 2589 ut
1553 2557 1703 2590 haeredes
1726 2557 1761 2589 b.
1781 2566 1846 2589 me.
1863 2558 2037 2595 Gustterii,
2055 2558 2219 2599 archiep.i
2244 2558 2412 2595 Toletan..

814 2613 948 2643 moneat
966 2614 1002 2643 ut
1025 2612 1064 2644 de
1081 2612 1212 2644 decima
1228 2621 1288 2652 pro
1304 2612 1456 2652 tempore
1473 2612 1555 2643 dicti
1571 2611 1732 2643 Guitterii
1748 2611 1863 2643 debita
1883 2613 1916 2643 et
1930 2611 2056 2651 quond.
2073 2611 2198 2643 Joanni
2216 2611 2355 2651 Infanti,
2371 2612 2414 2644 el.

814 2674 879 2696 me.
897 2665 1062 2704 Alphonsi
1081 2666 1172 2705 regis
1189 2666 1345 2697 Castellae
1363 2665 1447 2703 filio,
1470 2673 1531 2705 pro
1548 2664 1774 2704 acquisitione
1790 2665 1886 2704 regni
1902 2664 2059 2697 Granatae
2081 2673 2254 2702 concessa,
2274 2673 2417 2697 camerae

815 2719 923 2758 apost.
937 2718 1162 2756 satisfaciant,
1179 2719 1370 2758 praesertim
1386 2727 1462 2749 cum
1479 2718 1640 2758 praefatus
1658 2717 1850 2750 Guitterius
1867 2717 2034 2750 nonnulla
2047 2717 2137 2749 bona
2156 2726 2219 2749 sua
2235 2726 2296 2758 per
2310 2718 2415 2750 eecle-

814 2772 902 2802 siam
919 2771 1086 2811 acquisita
1103 2773 1134 2804 et
1146 2773 1262 2804 30.000
1276 2772 1351 2804 flor.
1367 2771 1441 2803 auri
1456 2772 1605 2803 valentia
1620 2771 1720 2802 dictis
1735 2770 1926 2803 haeredibus
1944 2771 1980 2802 in
1993 2771 2211 2807 testamento,
2223 2779 2284 2811 per
2300 2771 2416 2811 ipsum

814 2824 941 2864 absque
966 2824 1104 2856 licentia
1130 2825 1163 2856 S.
1181 2825 1221 2856 A.
1242 2825 1357 2856 minus
1389 2825 1548 2856 canonice
1578 2824 1726 2862 condito,
1758 2824 1949 2864 reliquerit.
1981 2824 2033 2865 (A.
2052 2825 2105 2862 22,
2127 2824 2152 2856 f.
2173 2825 2234 2855 278
2254 2823 2284 2861 ¹³,-
2314 2823 2347 2856 V.
2362 2825 2416 2861 78,

814 2886 867 2917 ep.
882 2878 968 2918 396.)

859 2928 995 2961 21009.
1013 2949 1051 2954 -
1066 2932 1149 2973 May.
1166 2932 1325 2973 Stephano
1339 2932 1375 2963 de
1389 2931 1518 2962 De'ozido
1532 2931 1668 2963 collatio
1685 2939 1803 2963 canon.
1819 2932 1852 2962 et
1868 2931 1971 2971 praeb.
1991 2931 2071 2963 eccl.
2089 2931 2265 2963 Caturcen.
2281 2931 2415 2962 vacatu-

814 2993 928 3016 rorum
938 2993 998 3024 per
1011 2985 1259 3017 assecutionem
1275 2985 1454 3017 archidiac.
1467 2985 1636 3025 Figiacen.
1653 2984 1688 3015 in
1703 2984 1820 3016 eadem
1836 2983 1916 3016 eccl.
1929 2985 1962 3016 et
1972 2984 2075 3024 praeb.
2089 2984 2154 3016 eid.
2167 2984 2347 3016 archidiac.
2358 2992 2420 3015 an·
