2592 3562
382 374 419 404 76

414 460 517 486 Datum
535 451 720 486 Acenione.

391 561 490 595 6(v111
513 558 564 592 id.)
580 558 633 593 feb.
651 557 740 585 4324.

491 604 521 630 T.
539 603 642 630 Lxxx.

397 880 414 907 7
430 880 484 915 (vu
501 880 552 912 id.)
569 879 623 913 feb.
644 878 734 906 1324.

476 925 506 951 T.
522 924 568 956 XI,
585 923 656 950 xm.

526 1092 561 1120 Ut
581 1101 604 1119 s.

473 1138 503 1164 T.
523 1137 570 1172 XI,
589 1136 661 1165 XIII.

529 1307 566 1335 Ut
583 1316 606 1334 s.

476 1353 507 1379 T.
525 1352 570 1386 xl,
588 1352 659 1379 xm.

535 1521 570 1548 Ut
583 1529 607 1547 s.

478 1566 508 1593 Τ.
526 1565 572 1599 XI,
588 1566 659 1592 XIII.

406 1682 423 1709 8
435 1683 483 1717 m
499 1680 552 1714 id.)
568 1681 622 1715 feb.
644 1679 732 1708 1324.

479 1727 509 1754 T.
529 1727 574 1761 xl,
590 1727 661 1753 xm.

533 1895 568 1923 L't
586 1904 608 1922 s.

479 1941 508 1967 T.
531 1940 576 1974 m,
594 1940 666 1967 xm.

534 2164 568 2192 L't
587 2173 610 2191 s.

537 2324 572 2352 Ut
586 2333 609 2351 s.

498 2369 528 2395 T.
546 2368 579 2401 X,
593 2368 652 2395 XII.

447 2613 449 2615 ,
537 2590 573 2617 Ut
586 2599 609 2617 s.

484 2635 514 2661 T.
534 2635 580 2669 xi,
597 2634 668 2661 xm.

539 2964 575 2992 Ut
592 2972 615 2991 s.

514 3009 544 3038 T.
567 3008 642 3036 ΝΠ.

777 365 951 397 JOANNIS
975 365 1094 396 PAPAE
1115 365 1218 395 XXII.
1242 365 1492 406 (1316-1334).
1515 383 1554 388 -
1576 363 1763 395 LITTERAE
1786 362 2012 395 COMMUNES

857 554 992 587 18984.
1010 573 1048 580 —
1065 557 1151 598 Epo
1165 555 1321 587 Mimaten.
1339 556 1451 588 mand.
1466 557 1503 588 ut
1519 556 1554 587 in
1566 566 1598 587 iv
1614 555 1866 587 cathedralibus
1881 556 1914 587 et
1929 554 2070 587 totidem
2082 555 2202 595 colleg.
2218 555 2299 587 eccl.
2316 555 2411 596 regni

809 611 972 648 Franciae‚
989 619 1048 650 per
1063 610 1224 642 Carolum
1239 618 1353 650 regem
1368 609 1546 651 eligendis,
1559 609 1818 649 Rothomagen„
1831 609 1986 644 Remen.,
1999 607 2182 646 Parisien„
2197 608 2411 646 Laudunen„

809 665 991 696 Carnoten.
1009 665 1043 695 et
1061 663 1263 695 Ambianen.
1281 663 1362 695 eccl.
1381 663 1558 694 dumtaxat
1574 662 1738 702 exceptis,
1755 663 1860 702 recipi
1880 662 1981 693 faciat
2001 670 2060 693 vm
2080 661 2230 707 persyab
2245 661 2318 693 eod.
2334 669 2412 703 rege

810 717 1034 749 nominandas
1050 717 1085 748 in
1101 726 1173 748 can.
1191 716 1254 748 sub
1270 725 1366 756 exsp.
1385 716 1507 756 praeb.;
1528 718 1682 747 cassatur
1696 716 1810 747 simile
1830 715 1942 747 mand.
1961 723 2037 755 ep.o
2051 714 2226 747 Vivarien.
2246 714 2412 746 directum

809 773 841 803 et
857 772 995 811 propter
1010 770 1178 802 defectum
1191 770 1416 810 quarumdam
1433 769 1663 801 clausularum
1678 769 1720 800 ad
1731 769 1931 800 instantiam
1947 768 2058 808 ipsius
2073 768 2165 809 regis
2178 768 2412 800 reformatum.

810 824 861 864 (A.
876 825 926 858 21,
946 824 969 854 f.
988 825 1046 855 377
1060 823 1095 860 ιη
1120 823 1152 854 V.
1171 825 1220 861 77,
1240 832 1292 863 ep.
1315 823 1420 863 1900.)

855 874 990 906 18985.
1018 895 1057 900 —
1081 877 1250 908 Raimundo
1272 877 1309 907 de
1333 876 1495 913 Perreria,
1520 875 1648 916 presb,
1672 875 1759 907 conf.
1780 884 1875 915 perp.
1901 875 2029 906 vicaria
2049 874 2129 906 eccl.
2154 875 2195 907 de
2217 874 2413 915 Vaqueriis,

809 932 968 963 Tolosan.
986 931 1045 968 di.,
1061 940 1133 962 vac.
1152 939 1211 970 per
1228 930 1359 961 obitum
1372 930 1461 969 apud
1472 930 1504 960 S.
1523 930 1564 960 A.
1581 929 1695 960 Pontii
1713 929 1754 960 de
1770 929 1902 965 Fiterae
1917 937 1984 960 non
1998 928 2085 960 obst.
2101 928 2233 969 capella
2249 937 2276 959 s.
2293 927 2415 960 Lazari

809 985 1021 1025 leprosorum
1034 993 1061 1015 s.
1074 993 1102 1015 c.
1119 984 1159 1015 de
1176 984 1378 1020 Bellicadro,
1393 983 1565 1014 Arelaten.
1581 982 1628 1013 di.
1645 1000 1682 1005 -—
1695 982 1721 1013 1.
1737 991 1765 1013 e.
1785 991 1830 1013 m.
1845 982 2060 1014 Lemovicen.
2075 983 2107 1014 et
2124 982 2302 1014 Caturcen.
2315 981 2414 1022 ep.is,

810 1048 847 1070 ac
867 1038 1006 1070 officiali
1022 1037 1182 1069 Tolosan.
1199 1037 1255 1077 (A.
1271 1038 1322 1074 20,
1339 1036 1362 1067 f.
1380 1037 1440 1067 288
1454 1035 1484 1072 ¹³3
1508 1035 1542 1067 V.
1559 1037 1609 1071 76,
1624 1044 1676 1075 ep.
1694 1035 1781 1076 516.)

855 1089 990 1120 18988.
1011 1109 1043 1114 -
1066 1090 1186 1121 Thomoe
1206 1089 1233 1120 le
1244 1090 1346 1130 Seque
1362 1089 1472 1129 gratia
1486 1097 1581 1128 exsp.
1600 1088 1713 1120 benef.
1732 1097 1760 1119 c.
1775 1097 1803 1119 0.
1820 1088 1873 1120 vel
1891 1097 1918 1119 s.
1933 1097 1961 1119 0.
1983 1089 2035 1127 (60
2050 1088 2073 1119 1.
2093 1088 2144 1128 t.)‚
2159 1089 2203 1120 ad
2217 1089 2286 1128 ep.i
2298 1088 2415 1121 Belva-

810 1155 881 1177 cen.
907 1145 1019 1176 collat.
1046 1144 1170 1184 pertin.
1195 1144 1230 1174 in
1253 1143 1344 1174 civit.
1363 1142 1418 1174 vel
1440 1142 1486 1173 di.
1503 1142 1682 1173 Belvacen.
1704 1159 1743 1164 —
1762 1142 1788 1172 I.
1813 1150 1842 1173 e.
1862 1150 1908 1173 m.
1926 1150 1954 1172 s.
1982 1141 2163 1174 Genovefae
2181 1142 2364 1179 Parisien„
2382 1143 2417 1174 et

811 1208 838 1231 s.
855 1199 994 1230 Martini
1014 1198 1056 1229 ad
1070 1199 1089 1229 J
1094 1197 1239 1228 umellos
1255 1196 1456 1228 Ambianen.
1474 1197 1620 1227 monast.
1638 1195 1727 1233 abb„
1743 1204 1780 1226 ac
1793 1194 1986 1227 subdecano
2001 1194 2082 1227 eccl.
2098 1195 2278 1227 Carnoten.
2298 1196 2348 1234 (A.
2363 1196 2415 1234 20,

810 1253 834 1284 f.
851 1253 910 1284 318
921 1252 950 1288 bg
974 1252 1011 1283 V.
1028 1253 1077 1287 76,
1096 1260 1147 1290 ep.
1166 1250 1251 1290 573.)

858 1303 993 1336 18987.
1017 1323 1055 1327 -
1074 1305 1264 1344 Inyerranno
1282 1302 1319 1333 de
1336 1302 1543 1334 Grandisartu
1572 1311 1666 1342 prov.
1691 1311 1809 1334 canon.
1835 1301 1915 1333 eccl.
1937 1311 1965 1333 s.
1985 1301 2079 1333 Petri
2095 1302 2225 1339 Arien„
2250 1302 2416 1334 Morinen.

812 1360 869 1396 di.,
889 1359 951 1390 sul)
966 1367 1060 1397 exsp.
1080 1357 1200 1397 praeh.;
1219 1365 1286 1387 non
1304 1356 1392 1388 obst.
1407 1356 1543 1396 paroch.
1563 1356 1643 1387 0001.
1664 1365 1691 1386 s.
1710 1355 1853 1387 ‚Joannis
1869 1355 2032 1395 Baptistae
2050 1355 2091 1387 de
2107 1356 2277 1396 Danguto‚
2293 1355 2420 1388 Rotho-

812 1421 944 1451 magen.
959 1412 1020 1449 di.,
1038 1413 1070 1442 et
1086 1419 1203 1442 canon.
1223 1410 1303 1441 eccl.
1321 1410 1482 1441 Leodien.
1501 1409 1564 1440 sub
1582 1418 1677 1449 exsp.
1695 1408 1798 1449 praeb.
1818 1426 1857 1430 —
1874 1409 1900 1439 Ι.
1919 1417 1948 1440 0.
1965 1417 2012 1439 m.
2027 1410 2064 1440 ut
2080 1417 2108 1440 s.
2127 1408 2183 1449 (A.
2203 1410 2254 1447 20,
2271 1408 2294 1440 f.
2315 1410 2371 1441 341
2387 1408 2418 1445 b;

817 1466 852 1497 V.
873 1468 922 1500 76,
943 1474 995 1504 ep.
1010 1466 1095 1503 574.)

859 1516 993 1548 18988.
1018 1534 1056 1540 -
1081 1517 1217 1548 Ricardo
1240 1517 1277 1548 de
1299 1516 1519 1554 Grandisarta,
1537 1516 1617 1548 cler.
1637 1515 1841 1547 Ambianen.
1860 1515 1920 1554 di.,
1941 1516 2050 1556 gratia
2071 1524 2168 1555 exsp.
2194 1515 2305 1547 benef.
2329 1517 2371 1556 (c.
2391 1524 2419 1547 0.

812 1574 852 1604 60
870 1573 923 1603 vel
938 1581 965 1603 s.
986 1581 1013 1603 0.
1028 1573 1068 1603 40
1085 1572 1107 1602 I.
1124 1570 1172 1611 t.)‚
1190 1572 1231 1602 ad
1247 1571 1315 1610 ep.i
1333 1570 1536 1602 Amblanen.
1563 1570 1676 1601 collat.
1697 1570 1835 1609 pertin..
1858 1569 1894 1600 in
1909 1569 2002 1600 civit.
2024 1568 2079 1600 vel
2097 1569 2145 1600 di.
2164 1569 2368 1601 Ambianen.
2383 1587 2422 1592 —

812 1627 838 1657 I.
858 1635 886 1657 e.
906 1635 949 1657 m.
968 1627 1005 1656 ut
1024 1634 1051 1656 s.
1074 1625 1125 1663 (A.
1145 1626 1196 1662 20,
1215 1625 1239 1655 f.
1259 1626 1318 1656 346
1332 1623 1363 1661 Ἣ
1385 1624 1421 1655 V.
1439 1625 1490 1660 76,
1505 1632 1556 1663 ep.
1577 1624 1664 1662 597.)

860 1677 994 1708 18989.
1014 1696 1053 1700 -
1075 1679 1169 1709 Petro
1190 1677 1227 1708 de
1249 1677 1369 1709 Glzeciis
1392 1678 1433 1709 de
1455 1678 1619 1709 Ravenna
1643 1677 1757 1708 collat.
1776 1676 1957 1708 archidiac.
1977 1676 2058 1708 eccl.
2084 1676 2333 1714 Ravennatem,
2348 1684 2421 1708 vac.

814 1743 874 1774 per
889 1733 1019 1764 obitum
1038 1732 1209 1772 Raynaldi
1223 1732 1263 1763 de
1281 1732 1424 1763 Polenta
1439 1732 1474 1763 S.
1491 1732 1531 1762 A.
1548 1740 1621 1771 cap.
1640 1749 1678 1753 —-
1692 1730 1719 1761 I.
1739 1739 1768 1762 e.
1786 1739 1831 1762 m.
1851 1730 1976 1762 Joanni
1991 1730 2031 1761 de
2051 1731 2174 1767 Rocca,
2193 1729 2423 1770 Neapolitan„

815 1790 847 1819 et
866 1787 885 1818 J
889 1786 991 1818 acobo
1012 1787 1052 1817 de
1074 1786 1217 1820 Mutina,
1241 1786 1471 1823 Camemcen„
1490 1785 1591 1825 Papae
1607 1784 1805 1823 capellanis,
1824 1793 1861 1815 ac
1883 1783 2009 1815 Jacobo
2027 1783 2068 1814 de
2085 1784 2205 1815 Castro
2220 1783 2423 1821 Florentin.‚

814 1840 992 1873 Faventin.
1012 1840 1092 1871 eccl.
1107 1848 1180 1870 can.
1199 1839 1252 1879 (A.
1269 1840 1321 1876 20,
1335 1838 1359 1869 f.
1377 1839 1436 1870 283
1453 1844 1481 1876 ³3
1505 1837 1539 1869 V.
1558 1840 1607 1876 76,
1625 1847 1677 1877 ep.
1694 1838 1779 1876 468.)

862 1891 1003 1923 18990.
1028 1911 1065 1916 -
1084 1892 1199 1924 Jacobo
1226 1891 1479 1930 Βναηοῆαίεοηίε,
1500 1891 1579 1923 cler.
1600 1891 1681 1922 eccl.
1710 1900 1737 1922 s.
1763 1891 1859 1922 Petri
1886 1890 1928 1922 ad
1955 1891 2098 1922 Portum
2116 1890 2285 1929 Gajetan.,
2315 1890 2425 1931 gratia

816 1957 912 1988 exsp.
927 1947 1038 1978 benef.
1057 1956 1084 1978 c..
1101 1956 1128 1978 0.
1154 1946 1208 1977 vel
1225 1955 1252 1976 s.
1272 1939 1312 1983 0.,
1342 1946 1377 1976 in
1401 1945 1494 1976 civit.
1512 1945 1566 1976 vel
1590 1945 1635 1975 di.
1659 1945 1826 1985 Gajetan.,
1844 1944 1967 1984 pertin.
1987 1944 2029 1975 ad
2053 1943 2166 1975 collat.
2190 1943 2270 1984 ep.i,
2293 1943 2424 1976 consid.

816 2001 958 2034 Roberti
979 2000 1068 2040 regis
1087 2000 1224 2032 Siciliae.
1242 2016 1280 2022 --
1294 2000 1321 2030 Ι.
1338 2008 1366 2030 e.
1388 2008 1432 2031 m.
1457 1998 1584 2030 Busolo
1606 1998 1646 2029 de
1666 1998 1800 2035 Parma,
1823 1998 2024 2035 Tornacen„
2052 1998 2084 2028 et
2100 1997 2225 2028 Joanni
2242 1997 2283 2028 de
2299 1998 2423 2033 Roma,

818 2056 918 2095 Papae
934 2054 1133 2094 capellanis,
1150 2063 1188 2084 ac
1205 2052 1346 2085 Nicolao
1364 2052 1552 2091 Verticisso,
1570 2052 1784 2091 Neapolitan.
1803 2060 1875 2082 can.
1893 2051 1974 2082 eccl.
1993 2051 2047 2091 (A.
2066 2051 2116 2088 20,
2136 2050 2160 2081 f.
2183 2051 2244 2082 284
2262 2055 2296 2088 ⁸3
2318 2050 2356 2082 V.
2372 2052 2424 2089 76,

817 2117 870 2148 ep.
888 2108 975 2148 473.)

864 2159 998 2190 18991.
1018 2179 1057 2183 -
1072 2160 1150 2191 Eid.
1168 2160 1255 2191 conf.
1281 2168 1400 2191 canon.
1418 2159 1498 2191 eccl.
1516 2158 1671 2199 Gajetan.
1691 2158 1726 2189 in
1749 2167 1817 2198 qua
1836 2157 1916 2189 licet
1943 2157 1989 2188 sit
2014 2158 2127 2189 certus
2148 2166 2221 2189 can.
2247 2166 2426 2195 numerus,

814 2216 1008 2256 juramento
1022 2214 1191 2249 firmatus,
1209 2213 1312 2253 prael).
1330 2215 1445 2244 tamen
1461 2212 1634 2243 distinctio
1648 2220 1713 2243 non
1732 2211 1891 2247 habetur;
1907 2211 2030 2243 coetera
2044 2212 2082 2243 ut
2095 2220 2123 2242 s.
2143 2211 2195 2250 (A.
2214 2212 2266 2247 20,
2281 2211 2305 2242 f.
2321 2211 2381 2243 285
2393 2216 2425 2248 ⁸;

824 2269 858 2300 V.
879 2271 928 2304 76,
947 2278 1000 2308 ep.
1016 2268 1103 2307 475.)

864 2320 1000 2352 18992.
1019 2339 1058 2345 -—-
1077 2321 1152 2352 Urso
1172 2326 1245 2351 nato
1262 2331 1292 2351 n.
1310 2331 1338 2352 υ.
1359 2319 1527 2350 Percivalli
1547 2318 1700 2350 Minutuli
1722 2318 1810 2350 conf.
1835 2327 1952 2350 canon.
1977 2318 2058 2349 eccl.
2073 2318 2288 2358 Neapolitan.
2306 2318 2342 2349 in
2358 2327 2426 2358 qua

819 2379 931 2408 certus
947 2385 1020 2407 can.
1038 2384 1202 2406 numerus
1218 2376 1250 2406 et
1268 2374 1371 2414 praeb.
1395 2373 1569 2405 distinctio
1586 2382 1654 2404 non
1679 2372 1865 2409 habentur3
1889 2381 1956 2403 non
1979 2372 2067 2403 obst.
2090 2371 2297 2412 quibusdam
2311 2371 2423 2404 benef.

819 2431 869 2469 (40
884 2430 954 2461 flor.
977 2429 1075 2466 auri),
1092 2428 1307 2468 simplicibus
1323 2429 1393 2458 ets.
1410 2436 1452 2464 0.,
1471 2427 1506 2458 in
1517 2427 1610 2458 civit.
1622 2435 1660 2458 ac
1676 2426 1721 2457 di.
1740 2426 1955 2465 Neapolitan.
1972 2443 2009 2448 —-
2023 2426 2051 2456 Ι.
2071 2434 2100 2457 0.
2115 2434 2161 2456 m.
2174 2434 2251 2465 ep.o
2265 2425 2429 2456 Interam-

818 2493 909 2519 nen„
925 2485 957 2515 et
977 2492 1003 2515 s.
1022 2482 1177 2515 Severini
1196 2491 1233 2513 ac
1256 2490 1283 2513 s,
1301 2481 1494 2513 Sebastiani
1508 2480 1723 2520 Neapolitan.
1741 2480 1887 2511 monast.
1906 2478 1982 2510 abb.
2003 2479 2056 2518 (A.
2079 2480 2131 2516 20,
2153 2478 2176 2510 f.
2194 2480 2254 2510 316
2268 2478 2300 2515 ¹²3
2323 2478 2359 2510 V.
2377 2479 2426 2515 76,

819 2546 870 2577 ep.
889 2538 974 2575 557.)

865 2587 1000 2619 18993.
1022 2608 1062 2612 -
1077 2590 1171 2620 Petro
1184 2589 1219 2620 de
1237 2587 1381 2625 Gresello,
1396 2588 1475 2619 cler.
1498 2589 1530 2619 et
1545 2587 1653 2618 famil.
1670 2586 1847 2619 Gaucelini
1866 2595 1894 2617 s.
1911 2595 1938 2617 s.
1954 2585 2144 2617 Marcellini
2157 2587 2189 2617 et
2199 2585 2294 2617 Petri
2309 2584 2423 2625 presb.

819 2644 910 2674 card.
929 2644 1087 2684 supplic„
1105 2643 1192 2675 conf.
1218 2642 1354 2682 paroch.
1379 2642 1459 2673 eccl.
1479 2641 1520 2672 de
1535 2641 1818 2681 Gurgeyocastro,
1846 2640 2034 2680 Lingonen.
2053 2639 2112 2675 di.,
2128 2648 2200 2670 vac.
2219 2647 2280 2678 per
2297 2638 2428 2670 obitum

820 2697 909 2736 apud
925 2697 958 2728 S.
978 2698 1018 2728 A.
1037 2697 1156 2728 Jacobi
1184 2696 1346 2732 Joannis;
1372 2704 1440 2726 non
1462 2694 1549 2726 obst.
1570 2694 1660 2734 quod
1675 2703 1718 2725 ex
1735 2693 1861 2725 litteris
1881 2693 1998 2733 gratiae
2016 2701 2112 2733 exsp.
2141 2691 2252 2724 benef.
2277 2701 2306 2723 0.
2326 2701 2353 2723 c.
2372 2691 2428 2724 vel

820 2759 848 2781 s.
867 2759 908 2787 0.,
923 2750 965 2781 ad
980 2750 1138 2790 disposit.
1154 2749 1279 2790 prioris
1297 2750 1329 2780 et
1345 2748 1445 2788 capit.
1463 2748 1577 2780 saecul.
1595 2747 1677 2779 0001.
1689 2747 1730 2778 de
1745 2747 1930 2784 Novovico,
1947 2746 2131 2789 Bituricen.
2149 2745 2209 2783 di.,
2228 2754 2295 2776 non
2309 2745 2425 2785 fuerit,

820 2805 857 2834 ut
876 2804 1010 2841 asserit,
1037 2804 1252 2834 commodum
1269 2802 1408 2842 aliquod
1426 2803 1614 2833 assecutus,
1634 2818 1671 2823 —
1686 2801 1713 2831 Ι.
1730 2809 1759 2831 0.
1777 2809 1822 2831 m.
1839 2799 2026 2832 Guillelmo
2050 2798 2249 2836 Audeberti,
2274 2798 2429 2830 Lemovi-

821 2866 907 2893 cen.,
935 2858 968 2888 et
990 2857 1176 2889 Guillelmo
1194 2857 1235 2887 de
1257 2856 1378 2888 Valeta
1400 2863 1437 2886 ac
1453 2854 1577 2886 Joanni
1596 2854 1636 2885 de
1657 2853 1887 2890 calvomonte,
1904 2853 2089 2893 Lingonen.
2108 2861 2181 2884 can.
2202 2853 2284 2884 eccl.
2301 2852 2354 2893 (A.
2374 2853 2427 2889 ΞΘ,

821 2911 844 2942 f.
861 2911 921 2942 320
937 2915 965 2946 ³;
989 2909 1025 2941 V.
1038 2912 1089 2947 76,
1105 2918 1158 2949 ep.
1174 2910 1261 2948 578.)

868 2960 1003 2993 18994.
1028 2982 1066 2986 -
1094 2962 1234 2999 Gentius,
1251 2971 1341 2994 mon.
1361 2963 1506 2993 monast.
1523 2969 1551 2992 s.
1568 2960 1755 2992 Clementis
1779 2960 1814 2991 in
1835 2959 1999 2995 Piscaria,
2022 2959 2064 2990 ad
2085 2959 2127 2991 R.
2144 2959 2183 2991 E.
2202 2959 2297 2991 nullo
2314 2959 2428 2991 medio

822 3018 958 3057 pertin..
983 3017 1020 3049 O.
1035 3016 1069 3048 S.
1085 3017 1136 3054 Β.,
1151 3016 1306 3047 Theatin.
1324 3016 1384 3052 dl..
1401 3015 1529 3046 electus
1544 3015 1579 3045 in
1593 3013 1670 3045 abb.
1687 3013 1796 3054 ejusd.
1821 3015 1964 3044 monast.
1989 3014 2066 3053 post
2082 3012 2163 3045 obit.
2183 3013 2288 3050 Petri,
2307 3013 2428 3044 confir-

2585 789 2586 792 .
2585 629 2592 748 ...m-2..-»-
2589 588 2592 619 ..-
2588 536 2592 578 ..„.
2586 433 2592 516 ..a-..Qu
2588 417 2592 422 -.

2585 837 2592 934 -..m-..m
