2592 3562
353 326 413 356 402

384 419 488 446 Datum
506 408 688 443 Avenione.

422 626 459 654 2¹
473 625 539 660 jun.
561 621 648 650 4325.

439 673 481 705 (x1
497 668 556 696 kal.
572 665 639 703 jul.)

443 714 474 741 T.
490 713 536 746 XI,
556 711 627 739 XIII.

497 837 532 865 Ut
551 845 574 863 s.

443 884 474 911 T.
492 882 538 916 XI,
557 879 630 908 XIll.

496 1051 532 1079 Ut
552 1059 575 1078 s.

441 1097 471 1124 T.
491 1096 537 1128 XI,
556 1093 629 1122 XIII.

495 1157 533 1185 Ut
548 1165 573 1186 s,

438 1204 470 1233 T.
492 1202 538 1235 XI,
556 1201 629 1229 XIII.

497 1266 534 1294 Ut
549 1273 573 1292 s.

442 1311 473 1338 Τ.
490 1310 537 1343 XI,
553 1307 625 1336 XIII.

494 1425 531 1452 Ut
549 1433 572 1451 s.

443 1470 474 1497 Τ.
491 1469 537 1504 XI,
551 1468 624 1495 XIII.

492 1636 530 1664 Ut
550 1644 573 1663 s.

418 1682 448 1709 T.
464 1681 534 1715 XVI,
548 1680 645 1708 XVIII.

488 1902 524 1930 Ut
545 1910 568 1930 s.

491 2274 526 2301 Ut
543 2282 566 2301 s.

474 2318 504 2344 Τ.
522 2318 578 2345 XX.

490 2592 527 2619 Ut
543 2599 567 2619 s.

2037 0 2109 13 we·—
2119 0 2349 22 *e-Q‘Wssxffl‘ffw
2418 18 2419 22 ,

753 318 926 350 JOANNIS
950 318 1068 349 PAPAE
1090 317 1192 349 XXII.
1217 318 1465 358 (1316-1834).
1489 336 1528 342 —
1551 318 1737 350 LITTERAE
1760 318 1985 352 COMMUNES

777 511 838 542 tin.
857 511 917 548 di.,
935 519 973 542 ac
996 519 1083 551 mag.
1105 511 1228 543 ,Ioanni
1245 511 1286 543 de
1303 511 1505 552 Gotvingen,
1531 520 1604 543 can.
1624 511 1811 552 Magantia.
1837 512 1917 544 eccl.
1937 512 1990 553 (A.
2014 514 2064 551 23,
2086 512 2108 545 f.
2134 514 2193 544 142
2214 517 2243 550 ²,
2275 512 2309 544 V.
2327 515 2381 550 79,

778 573 830 604 ep.
851 565 955 603 1684.)

822 615 961 647 22622.
982 635 1018 640 -
1037 617 1171 649 Guidoni
1185 618 1299 659 quond.
1319 618 1408 649 Nerii
1424 618 1460 649 de
1475 618 1627 649 Mancinis
1641 618 1814 651 Florentin.
1831 627 1927 659 prov.
1947 628 2065 651 canon.
2082 618 2147 651 sub
2162 627 2258 660 exsp.
2275 619 2380 660 praeb.

778 671 858 702 eccl.
885 671 1065 709 Fesulan.;
1090 680 1156 703 non
1182 671 1269 703 obst.
1299 672 1451 711 prioratu
1476 672 1588 704 saecul.
1617 672 1699 704 eccl.
1725 681 1754 703 s.
1784 672 1924 704 Romuli
1947 672 2135 705 Florentia.
2163 690 2201 696 -
2224 673 2251 704 Ι.
2278 681 2308 705 6.
2332 681 2379 706 m.

779 733 807 755 s.
825 725 998 756 Scheradii
1017 725 1220 762 Florentin„
1241 726 1274 756 et
1291 733 1318 756 s.
1335 725 1498 765 Stephani
1521 725 1564 756 ad
1586 727 1724 765 pontem
1744 725 1933 757 Florentio.
1958 725 2144 766 prioribus,
2173 734 2212 758 ac
2236 725 2381 759 Andreae

777 778 932 816 Joannis,
951 787 1023 809 can.
1038 778 1164 809 Lucan.
1183 778 1264 810 eccl.
1281 778 1335 819 (A.
1348 779 1399 815 23,
1416 778 1439 810 f.
1458 780 1514 810 181
1539 778 1569 816 ¹³3
1593 778 1629 810 V.
1647 780 1697 813 79,
1716 787 1769 818 ep.
1786 779 1892 817 1881.)

822 829 962 861 22623.
981 849 1018 854 -
1034 831 1201 862 Francisco
1215 831 1363 872 Aqurelle
1378 831 1415 862 de
1428 831 1574 873 Euqubio
1590 832 1703 863 collat.
1721 841 1838 864 canon.
1857 831 1920 863 sub
1937 841 2033 873 exsp.
2051 831 2155 873 praeb.
2173 833 2255 864 eccl.
2271 833 2383 865 Nuce·

779 886 861 923 rin.;
879 894 944 916 non
961 885 1048 916 obst.
1067 885 1174 916 simili
1190 894 1286 925 prov.
1302 885 1336 916 in
1352 886 1433 917 eccl.
1451 886 1603 917 Firman.
1622 904 1658 909 —
1674 885 1701 917 1.
1719 894 1749 917 e.
1770 894 1816 917 m.
1835 894 1863 917 s.
1883 886 2010 917 Donati
2027 887 2060 918 et
2075 886 2109 918 S.
2130 886 2176 918 M.
2193 885 2235 918 de
2256 886 2382 925 Alfido,

780 939 949 979 Eugubin.
970 938 1031 977 di.,
1054 939 1200 970 monast.
1219 938 1309 976 abb„
1334 947 1372 970 ac
1393 939 1518 970 Bosolo
1535 939 1576 970 de
1593 939 1727 976 Parma,
1751 947 1824 971 can.
1845 939 2044 976 Tornacen„
2073 939 2173 980 Papae
2193 939 2380 980 capellano.

780 993 832 1031 (A.
847 994 898 1030 23,
917 992 939 1023 f.
958 993 1018 1024 346
1031 997 1058 1029 Β,-
1083 991 1119 1023 V.
1141 992 1190 1028 79,
1210 1001 1263 1032 ep.
1284 992 1389 1031 1923.)

823 1043 962 1076 22624.
987 1063 1024 1068 -
1046 1044 1131 1076 Lello
1149 1044 1316 1086 Suppolim'
1339 1045 1376 1076 de
1395 1045 1539 1086 Euqubio
1553 1045 1681 1076 similis
1700 1045 1810 1085 gratia
1829 1046 1864 1077 in
1886 1045 1967 1078 eccl.
1991 1045 2298 1084 Forosinfronien„
2314 1053 2383 1078 non

779 1099 866 1130 obst.
881 1099 988 1130 simili
1003 1107 1099 1138 prov.
1116 1098 1151 1129 in
1167 1098 1248 1129 6661.
1266 1098 1494 1130 Assisinaten.
1510 1117 1548 1122 —
1562 1099 1588 1130 Ι.
1604 1107 1633 1130 6.
1651 1101 1744 1130 m-ut
1758 1107 1787 1130 s.
1804 1099 1854 1137 (A.
1873 1101 1924 1137 23,
1941 1099 1965 1131 f.
1979 1101 2039 1131 347
2052 1104 2081 1137 ¹3
2098 1098 2135 1131 V.
2147 1100 2199 1135 79,
2211 1107 2264 1139 ep.
2277 1098 2383 1140 1924.)

822 1149 963 1182 22625.
984 1170 1019 1175 -
1037 1151 1152 1183 Jacobo
1178 1151 1268 1182 Pauli
1287 1150 1323 1182 de
1346 1151 1491 1192 E’uqubio
1517 1152 1643 1183 similis
1659 1152 1769 1192 gratia
1793 1152 1828 1183 in
1848 1153 1929 1184 eccl.
1952 1152 2188 1193 Fulginaten.;
2205 1161 2274 1184 non
2293 1151 2386 1186 obst.
2442 1150 2444 1152 ’

777 1215 872 1246 prov,
891 1205 998 1237 simili
1013 1205 1049 1236 in
1065 1205 1146 1236 6661.
1160 1205 1321 1237 Nucerin.
1339 1223 1377 1228 —
1394 1205 1420 1236 Ι.
1438 1214 1467 1237 e.
1483 1214 1529 1237 m.
1548 1207 1584 1238 ut
1598 1214 1626 1237 s,
1644 1205 1696 1243 (A.
1710 1206 1760 1243 23,
1781 1205 1806 1236 f.
1822 1207 1880 1238 347
1898 1211 1927 1243 ’,-
1949 1205 1985 1238 V.
2002 1206 2052 1245 79,
2071 1214 2124 1247 ep.
2142 1206 2248 1246 1925.)

822 1256 962 1289 22626.
985 1276 1021 1282 -
1041 1258 1191 1290 Joaclzz'no
1206 1257 1367 1299 Ayurielle
1383 1258 1420 1289 de
1433 1258 1580 1299 anubio
1596 1258 1723 1290 similis
1737 1259 1847 1299 gratia
1865 1259 1902 1290 in
1919 1259 2001 1291 eccl.
2019 1260 2205 1300 Tungren„
2219 1259 2380 1292 Leodien.

777 1313 824 1344 di.
840 1329 877 1334 —
895 1313 921 1343 1.
941 1321 970 1343 e.
988 1320 1033 1343 m.
1051 1312 1176 1343 decano
1193 1320 1220 1342 s.
1244 1312 1374 1349 Crucis,
1393 1313 1425 1343 et
1440 1312 1572 1344 Oddoni
1592 1312 1633 1343 de
1650 1312 1782 1349 BueHa,
1797 1313 1938 1352 majoris
1954 1313 2130 1352 Leodien.,
2149 1322 2187 1345 ac
2201 1313 2326 1346 Bosolo
2339 1313 2381 1346 de

777 1367 913 1402 Parma,
930 1366 1117 1397 Tornacen.
1134 1374 1207 1396 can.
1223 1365 1303 1396 6661.
1318 1365 1372 1405 (A.
1387 1366 1438 1403 23,
1455 1366 1477 1396 f.
1495 1367 1553 1397 347
1569 1365 1601 1402 ¹³,
1627 1365 1658 1397 V.
1675 1367 1726 1402 79,
1739 1375 1792 1406 ep.
1813 1366 1920 1407 1926.)

822 1416 958 1448 22627.
977 1436 1016 1441 -
1032 1418 1148 1450 Joanm‘
1163 1423 1235 1448 nato
1250 1417 1363 1459 quand.
1382 1417 1511 1449 Henrici
1523 1418 1559 1449 de
1570 1418 1777 1459 Mensembery
1793 1419 1930 1450 collatio
1945 1428 2064 1451 canon.
2084 1419 2148 1451 sub
2161 1428 2258 1461 exsp.
2274 1419 2379 1461 praeb.

777 1473 856 1503 eccl.
874 1472 1101 1508 Wetflorien.‚
1120 1472 1304 1503 Treveren.
1322 1471 1367 1502 di.
1389 1489 1428 1495 —
1448 1472 1475 1503 I.
1497 1480 1526 1503 e.
1549 1480 1595 1503 m.
1618 1472 1744 1503 decano
1760 1473 1793 1503 et
1808 1474 1895 1504 cant.
1921 1481 1948 1503 s.
1968 1472 2207 1505 Bartholomaei
2222 1474 2259 1505 in
2272 1474 2380 1506 Fran-

775 1526 923 1563 kenfort,
946 1525 1134 1564 Maguntin.
1153 1525 1212 1560 di.‚
1235 1534 1273 1556 ac
1298 1533 1387 1565 mag.
1409 1524 1533 1556 Joanni
1554 1525 1594 1556 de
1620 1525 1818 1566 Gottragen,
1839 1534 1912 1557 can.
1933 1526 2120 1566 Maguntin.
2144 1527 2224 1559 eccl.
2248 1527 2304 1568 (A.
2325 1529 2378 1567 23,

775 1579 798 1611 f.
817 1580 878 1609 424
891 1584 921 1616 ·;
944 1578 977 1608 V.
997 1580 1047 1614 79.
1066 1587 1118 1618 ep.
1136 1578 1244 1618 2088.)

821 1634 831 1644 ·
852 1629 987 1661 22628.
1006 1649 1045 1655 --
1060 1632 1257 1672 Manfredino
1268 1637 1341 1662 ηαιο
1353 1631 1484 1663 Martini
1498 1632 1534 1663 de
1545 1631 1719 1663 Bernardis
1730 1631 1768 1663 de
1779 1632 1891 1664 Scalae
1907 1633 2118 1666 confirmatio
2129 1633 2242 1666 collat.
2256 1642 2376 1667 canon.

775 1685 838 1717 sub
855 1695 951 1725 exsp.
968 1686 1071 1725 praeb.
1088 1686 1168 1717 eccl.
1187 1694 1214 1716 s.
1229 1685 1322 1717 Petri
1334 1686 1374 1717 de
1385 1685 1518 1724 Scalue,
1533 1686 1733 1726 Pergamen.
1751 1687 1812 1724 di.,
1826 1687 1894 1727 ipsi
1905 1687 2001 1718 faclae
2014 1695 2034 1718 a
2050 1687 2238 1720 Bertrando
2251 1696 2280 1719 s.
2291 1688 2377 1721 Mar-

774 1739 851 1770 celli
869 1739 982 1779 presb.
1006 1739 1109 1776 card.‚
1134 1740 1174 1770 A.
1198 1739 1231 1770 S.
1251 1739 1373 1779 legato,
1395 1739 1492 1779 cujus
1515 1739 1636 1771 litterae
1657 1739 1743 1771 datae
1764 1740 1868 1775 Astae,
1893 1749 1941 1771 xn
1965 1740 2034 1772 kal.
2059 1742 2137 1778 oct.,
2160 1741 2378 1781 pontificatus

772 1793 915 1824 Joannis
931 1793 1032 1824 XXII
1049 1801 1136 1823 anno
1152 1793 1207 1831 V0,
1227 1792 1435 1823 inseruntur.
1451 1810 1487 1815 -
1502 1793 1528 1824 1.
1547 1801 1576 1824 e.
1595 1801 1640 1823 m.
1658 1801 1762 1832 praep.
1778 1793 1951 1828 Parmen..
1971 1793 2098 1825 archid.
2117 1795 2331 1835 Pergamon..
2343 1796 2378 1829 et

772 1846 904 1877 Buxolo
924 1846 964 1877 de
980 1847 1115 1883 Parma,
1135 1855 1208 1877 can.
1227 1846 1398 1877 Turonen.
1417 1845 1498 1877 eccl.
1519 1846 1572 1884 (A.
1587 1847 1640 1883 23,
1658 1846 1683 1877 f.
1704 1848 1765 1878 494
1779 1851 1810 1883 ἃ,
1832 1846 1868 1877 V.
1888 1848 1939 1884 79,
1953 1855 2006 1887 ep.
2020 1847 2127 1888 2301.)

818 1897 954 1929 22629.
972 1918 1009 1922 -
1027 1898 1142 1930 Jacobo
1158 1909 1256 1939 praep.
1276 1898 1533 1939 For-opopulien„
1557 1904 1586 1929 et
1605 1898 1696 1929 Petro
1719 1898 1838 1930 archid.
1858 1899 2080 1938 Ravennatem,
2102 1910 2139 1931 αι·
2159 1900 2319 1942 Stephano
2340 1902 2377 1934 de

773 1952 881 1989 Prato,
904 1962 971 1982 can.
988 1952 1150 1983 Faventia.
1173 1951 1258 1989 eccl„
1277 1952 1388 1983 mand.
1404 1953 1440 1982 ut
1456 1952 1638 1983 Francisco
1655 1953 1696 1984 de
1713 1952 1866 1989 Cumulo,
1885 1953 2117 1986 Ravennaten.
2136 1955 2170 1986 et
2186 1954 2373 1988 Forlivien.

771 2006 851 2037 6661.
871 2014 944 2036 can.
960 2005 1120 2045 praeben„
1137 2005 1312 2036 conferant
1326 2004 1460 2044 plebem
1476 2014 1503 2036 s.
1520 2005 1706 2045 Reparadae
1723 2005 1763 2037 de
1777 2006 2002 2043 Castrocario,
2022 2007 2209 2039 For-livien.
2225 2008 2286 2046 di„
2300 2017 2376 2050 quae

771 2058 890 2098 colleg.
913 2061 946 2089 et
971 2059 1006 2088 in
1019 2059 1111 2089 terra
1127 2059 1169 2089 R.
1189 2058 1226 2088 E.
1256 2058 1407 2097 subjecta
1425 2058 1553 2096 existit,
1578 2059 1612 2090 et
1629 2059 1670 2090 ad
1689 2067 1790 2098 quam
1811 2058 1948 2099 plebani
1969 2068 2030 2099 per
2045 2060 2246 2093 electionem
2272 2062 2374 2102 capit.

770 2112 880 2151 ipsius
897 2112 1146 2142 consueverunt
1159 2111 1301 2148 assumi,
1316 2120 1377 2150 per
1393 2110 1523 2142 obitum
1539 2111 1754 2151 Maguinardi
1769 2112 1937 2144 Guidonis
1953 2113 2041 2153 apud
2055 2113 2089 2145 S.
2106 2115 2148 2145 A.
2163 2115 2272 2154 apost.
2288 2123 2372 2156 prae·

769 2166 826 2196 via
840 2165 991 2205 generali
1009 2166 1171 2196 reservat.
1197 2173 1268 2195 vac.
1277 2174 1286 2200 ;
1305 2173 1382 2195 cum
1401 2164 1605 2204 obligatione
1619 2165 1813 2197 dimittendi
1831 2165 1966 2205 plebem
1987 2175 2015 2197 s.
2034 2166 2205 2204 Cassiani,
2223 2168 2374 2210 Foropo-

769 2219 898 2258 pulien.
913 2218 958 2249 di.
977 2218 1028 2258 (A.
1043 2219 1094 2255 24,
1108 2218 1131 2248 f.
1147 2219 1207 2249 447
1223 2223 1251 2254 ⁸,
1271 2217 1306 2249 V.
1325 2219 1375 2255 79,
1393 2226 1445 2257 ep.
1463 2219 1569 2257 2325.)

815 2269 951 2300 22630.
976 2288 1014 2294 —
1035 2270 1154 2302 Amelio
1182 2270 1250 2302 abb.
1277 2275 1406 2301 monast.
1432 2281 1456 2301 s.
1480 2271 1646 2302 Saturnini
1673 2271 1828 2310 Tolosam,
1851 2271 1996 2303 Marchiae
2024 2273 2216 2306 Anconitan.
2247 2276 2370 2314 rectori,

770 2325 883 2356 mand.
903 2326 940 2356 ut
961 2324 1135 2355 confirmet
1160 2324 1272 2356 collat.
1296 2324 1498 2364 plebanatus
1521 2324 1632 2364 plebis
1651 2325 1692 2356 de
1711 2325 1940 2366 Bovelgmno,
1959 2326 2173 2359 Camerinen.
2196 2327 2257 2367 di„
2281 2331 2370 2362 auct.

770 2378 942 2410 ordinaria
959 2378 1082 2409 factam
1099 2377 1214 2408 favore
1227 2378 1367 2409 Berardi
1378 2378 1514 2410 Vartuli
1527 2378 1568 2410 de
1583 2378 1776 2416 Camerino,
1792 2379 1827 2410 in
1838 2379 1919 2410 eccl.
1931 2379 2106 2412 Caminen.
2124 2389 2163 2412 ac
2173 2381 2275 2422 plebe
2288 2383 2371 2416 Ario

768 2440 900 2468 canon.‚
919 2440 956 2462 ac
972 2431 1150 2462 ecclesiam
1168 2440 1195 2461 s.
1213 2431 1311 2462 Lucae
1330 2440 1356 2462 s.
1377 2440 1418 2468 6.,
1436 2431 1471 2462 in
1489 2431 1579 2462 dicta
1595 2431 1692 2471 plebe
1711 2432 1876 2471 quasdam
1892 2432 2053 2471 decimas,
2068 2433 2243 2466 Caminen.
2258 2435 2319 2475 di„
2337 2437 2371 2469 et

768 2484 804 2515 in
824 2485 904 2516 6661.
921 2493 948 2514 s.
969 2484 1130 2516 Venantii
1147 2485 1362 2515 Camerinen.
1380 2493 1498 2516 canon.
1518 2484 1582 2516 sub
1599 2493 1696 2524 exsp.
1722 2485 1824 2525 praeb.
1851 2485 2049 2518 obtinentis.
2075 2487 2126 2525 (A.
2152 2489 2204 2526 23,
2221 2488 2246 2519 f.
2261 2490 2323 2522 5⁴6
2338 2489 2369 2528 ὓς

772 2537 806 2568 V.
821 2539 871 2574 79,
891 2546 943 2576 ep.
958 2536 1065 2574 2410.)

812 2590 823 2601 “
846 2588 981 2620 22631.
1009 2609 1048 2613 -
1071 2591 1125 2622 Ad
1143 2591 1341 2622 instantiam
1365 2591 1602 2622 universitatis
1624 2591 1866 2631 magistrorum
1885 2593 1919 2623 et
1937 2592 2119 2624 scolarIum
2142 2594 2248 2626 studii
2273 2594 2369 2628 Pari-

768 2644 868 2682 sien.,
885 2646 918 2675 et
934 2644 976 2675 ad
993 2643 1170 2675 vitandum
1186 2652 1347 2675 excessus
1361 2652 1399 2675 ac
1413 2643 1542 2674 abusus
1558 2644 1618 2684 qui
1634 2644 1669 2675 in
1685 2644 1779 2675 curia
1792 2645 2051 2677 committuntur
2066 2647 2273 2680 assentiente
2290 2657 2368 2681 con-

767 2698 940 2728 servatore
955 2697 1212 2737 privilegiorum
1228 2697 1464 2728 universitatis
1486 2697 1607 2736 eJusd.‚
1630 2706 1650 2728 a
1668 2697 1701 2729 S.
1718 2698 1760 2728 A.
1777 2698 1948 2738 deputato,
1972 2699 2076 2730 etiam
2091 2708 2135 2731 ex
2153 2701 2370 2735 conniventia

763 2750 918 2791 ,iudicum
946 2750 1185 2782 advocatorum
1210 2752 1242 2782 et
1267 2749 1491 2781 tabellionum
1509 2759 1570 2781 seu
1589 2750 1801 2782 notariorum
1821 2751 1929 2791 ejusd.
1955 2752 2068 2791 curiae,
2091 2754 2256 2786 statuitur
2277 2755 2368 2795 quod

765 2803 899 2843 praei'ati
914 2803 1057 2843 judices,
1074 2803 1237 2842 advocati,
1256 2802 1468 2838 tabelliones,
1484 2803 1538 2834 vel
1553 2803 1678 2834 notarii
1695 2812 1733 2835 ac
1746 2803 1919 2844 sigilliferi
1931 2806 1964 2836 et
1979 2805 2185 2846 quicumque
2201 2807 2367 2840 officiales

766 2857 827 2888 alii
843 2856 943 2888 curiae
957 2858 1163 2894 memoratae,
1179 2857 1215 2887 in
1230 2856 1326 2888 dictae
1339 2856 1575 2887 universitatis
1589 2856 1771 2896 praesentia
1785 2857 1839 2889 vel
1856 2857 2050 2897 aliquorum
2067 2867 2111 2890 ex
2125 2859 2177 2891 eis
2191 2862 2364 2901 corporale

766 2911 928 2949 praestent
942 2910 1174 2950 juramentum
1189 2909 1279 2950 quod
1295 2908 1439 2949 quilibet
1454 2909 1509 2940 off.
1529 2918 1630 2940 suum
1642 2909 1789 2941 fideliter
1802 2910 1984 2949 exercebit,
1999 2920 2062 2944 nec
2078 2912 2268 2953 privilegiis
2281 2923 2366 2955 prae-

765 2963 846 2994 fatis
865 2962 1035 2995 abutetur.
1053 2963 1172 2994 Edicto
1187 2971 1320 3003 quoque
1344 2970 1438 3002 perp.
1462 2962 1660 3002 prohibetur
1683 2971 1724 2994 66
1741 2965 1959 2995 conservator
1975 2965 2241 2998 emolumentum
2258 2966 2365 3007 sigilli

765 3025 826 3047 seu
842 3016 1062 3048 emendarum
1079 3016 1175 3048 dictae
1196 3015 1297 3047 curiae
1315 3015 1439 3047 vendat
1459 3016 1513 3047 vel
1533 3017 1699 3055 accenset,
1724 3025 1784 3048 seu
1800 3025 1862 3056 pro
1880 3017 2056 3050 exactione
2077 3018 2186 3059 sigilli
2202 3028 2239 3051 ac
2254 3028 2365 3052 emen-

2011 3074 2040 3101 Ο
