2592 3562
359 297 418 326 432

387 388 490 415 Datum
519 380 702 415 Avenione.

348 576 355 580 ”
395 596 408 622 ι
424 593 508 630 (kal.)
523 601 588 628 auq.
604 592 692 620 1325.

493 638 524 665 τ.
540 638 594 665 xi..

500 913 536 941 Ut
557 922 580 941 s.

474 958 505 986 T.
528 957 609 985 XXX.

361 1178 437 1214 2,(ιν
450 1177 531 1210 non.)
545 1186 611 1213 auq.
628 1178 714 1207 1325.

448 1222 478 1250 T.
496 1223 542 1257 xl,
558 1223 630 1250 xm.

497 1445 533 1474 Ut
549 1454 572 1473 s.

427 1490 473 1518 Gr.
491 1498 543 1525 pro
559 1490 647 1518 socio.

492 1657 530 1685 Ut
548 1666 571 1685 S.

510 1702 556 1729 Gr.

497 1764 532 1791 Ut
552 1772 576 1792 s.

509 1809 555 1836 Gr.

492 1870 529 1898 Ut
549 1878 572 1898 s.

422 1914 466 1942 Gr.
485 1923 536 1949 pro
552 1914 630 1942 socio

492 2294 528 2321 Ut
543 2302 566 2322 s.

441 2338 471 2365 T.
485 2338 530 2370 XI,
547 2338 618 2366 XIII.

489 2505 526 2533 Ut
544 2513 567 2532 s.

438 2550 469 2577 T.
485 2550 533 2584 ΧΙ,
552 2550 625 2578 XIII.

487 2718 524 2746 Ut
544 2726 567 2745 s.

384 2761 417 2790 Τ.
430 2762 467 2789 XI
485 2762 532 2797 ¹12,
547 2762 608 2790 XIII
625 2763 671 2798 ¹l2.

759 292 933 324 JOANNIS
951 293 1069 323 PAPAE
1091 293 1196 324 XXII.
1221 295 1470 334 (1316-1334).
1494 311 1533 316 —
1554 293 1740 324 LITTERAE
1763 292 1988 325 COMMUNES

786 486 938 525 tempore
953 485 1123 516 interdicti
1140 485 1256 516 divina
1277 485 1411 517 valeant
1426 485 1536 517 facere
1551 485 1714 517 celebrari
1730 485 1763 516 in
1778 484 1995 525 quibusdam,
2011 483 2150 524 apertis,
2163 483 2198 515 in
2214 483 2292 516 aliis
2308 491 2388 516 vero

787 538 897 574 festis,
909 538 1025 578 Januis
1041 538 1179 570 clausis.
1195 538 1249 578 (A.
1270 540 1319 575 23,
1342 538 1364 570 f.
1381 540 1441 571 536
1457 538 1494 576 b;
1518 537 1551 570 V.
1570 540 1621 573 79,
1635 547 1688 578 ep.
1703 539 1811 576 2394.)
2042 532 2044 534 ’

830 588 970 621 22951.
988 608 1026 614 -
1043 591 1173 622 lsnardo
1192 591 1226 622 O.
1243 591 1277 623 !‹'.
1301 591 1351 630 P.,
1367 591 1441 623 olim
1452 591 1644 633 patriarchae
1662 591 1862 629 Antiochen„
1880 590 1976 632 Papae
1990 590 2235 632 poenitentiario,
2253 589 2313 630 qui
2329 589 2387 622 du·

786 644 866 675 dum
882 646 951 676 tam
971 653 990 676 a
1006 645 1224 685 patriarchali
1241 654 1343 685 quam
1371 645 1558 685 pontificali
1578 653 1616 676 ac
1633 644 1726 676 omni
1751 644 1954 676 sacerdotali
1977 645 2010 676 et
2032 643 2183 675 clericali
2198 642 2311 675 officio
2328 651 2388 683 per

787 697 824 728 P.
846 697 884 728 P.
902 698 1056 737 privatus
1073 698 1182 729 fuerat
1203 700 1236 730 et
1259 698 1476 738 postmodum
1502 698 1544 730 ab
1560 706 1690 730 excom.
1718 697 1898 729 absolutus
1919 697 1996 732 fuit,
2021 705 2114 728 conc.
2137 695 2329 728 habilitatio
2345 695 2388 728 ad

786 759 903 782 omnes
918 753 1013 782 actus
1030 751 1214 792 legitimos,
1230 751 1355 792 gradus
1366 751 1617 783 ecclesiasticos
1626 753 1658 782 et
1672 750 1828 789 honores,
1847 759 1977 782 necnon
1988 749 2161 782 restitutio
2172 749 2207 781 in
2218 749 2387 789 integrum

786 805 822 835 ut
838 804 997 844 deinceps
1021 805 1064 835 ad
1086 805 1328 844 episcopalem,
1351 804 1552 844 archiep1sc.
1577 806 1609 836 et
1631 803 1819 844 quamlibet
1845 803 2057 844 superiorem
2082 802 2271 835 ecclesiast.
2293 802 2386 842 dign.

785 857 896 888 valeat
912 853 1116 897 promoveri.
1136 859 1191 895 (A.
1210 860 1262 894 25,
1283 858 1306 889 f.
1327 858 1409 895 73¹³,
1434 857 1466 890 V.
1485 859 1537 893 79.
1557 866 1609 897 ep.
1627 858 1734 896 2397.)

829 908 968 940 22952.
984 928 1024 934 --
1040 910 1210 952 Αι·εΙιίορ.ο
1227 910 1485 952 compostellano,
1504 921 1573 951 ep.o
1588 910 1722 948 Silven.,
1739 915 1767 942 et
1784 909 1903 941 archid.
1930 909 2029 942 Visera.
2048 909 2258 950 Subrogatur
2273 909 2387 941 dictus

785 963 911 995 archid.
931 964 1071 1004 praefato
1089 973 1164 1004 ep.o
1181 964 1378 996 infirmitate
1398 966 1536 1005 gravato
1555 965 1589 995 in
1607 964 1842 1004 inquisitione,
1859 964 2083 996 instructione
2101 964 2134 995 et
2147 962 2387 995 informatione

785 1017 950 1048 faciendis
967 1020 1000 1049 et
1018 1017 1183 1050 habendis
1198 1018 1232 1049 in
1253 1018 1387 1058 negotio
1404 1027 1492 1058 mag.
1510 1017 1730 1058 provincialis
1751 1017 1822 1049 ord.
1842 1018 1875 1048 et
1890 1016 2023 1048 militiae
2037 1024 2067 1047 s.
2082 1016 2201 1055 Jacobi
2219 1015 2255 1048 in
2271 1016 2386 1056 regnis

783 1070 1002 1111 Portugalliae
1021 1074 1054 1102 et
1071 1071 1238 1111 Algarbii‚
1257 1071 1347 1112 quod
1367 1071 1495 1102 dudum
1515 1071 1608 1111 Papa
1631 1071 1802 1110 archiep.o
1819 1073 1852 1102 et
1874 1079 1950 1110 ep.o
1968 1069 2140 1110 praedictis
2155 1069 2384 1102 commiserat.
2435 1079 2439 1084 ·
2491 1062 2517 1091 ὖ·

783 1123 832 1164 (A.
852 1125 903 1159 25,
924 1124 946 1155 f.
965 1125 1024 1155 315
1039 1130 1067 1162 ²;
1093 1125 1128 1156 V.
1148 1126 1199 1160 79,
1221 1133 1273 1164 ep.
1293 1125 1398 1165 2462.)

826 1174 966 1207 22953.
984 1195 1022 1199 -
1038 1178 1206 1208 Laurentio
1228 1177 1266 1208 de
1286 1177 1441 1208 Mesm‘llio
1461 1186 1556 1218 prov.
1579 1186 1698 1209 canon.
1717 1177 1781 1209 sub
1802 1186 1898 1218 exsp.
1919 1177 2021 1217 praeb.
2042 1177 2123 1209 eccl.
2145 1176 2384 1212 Catalaunen.;

781 1239 848 1261 non
867 1230 953 1262 obst.
974 1239 1093 1262 canon.
1109 1232 1142 1262 et
1155 1230 1259 1271 praeb.
1273 1231 1353 1263 eccl.
1370 1240 1399 1262 s.
1417 1231 1572 1268 Quintini
1588 1231 1623 1262 in
1636 1231 1869 1268 Viromandia,
1887 1232 1920 1262 et
1934 1230 2068 1270 paroch.
2085 1230 2166 1262 eccl.
2186 1229 2227 1261 de
2245 1229 2383 1265 Ruello,

780 1283 990 1314 Noviomen..
1005 1286 1037 1315 et
1056 1284 1224 1315 Parisien.
1244 1284 1303 1320 di„
1320 1293 1358 1315 ac
1376 1284 1521 1324 quadam
1541 1284 1662 1324 capell.
1681 1293 1776 1324 perp.
1801 1284 1835 1315 in
1855 1284 1987 1324 capella
2002 1283 2108 1324 regali
2128 1282 2330 1315 parisiensi.
2345 1299 2384 1306 —-

780 1337 806 1367 I.
826 1345 854 1368 e.
872 1345 916 1367 m.
937 1336 1013 1368 abb.
1036 1338 1181 1368 monast.
1199 1346 1226 1368 s.
1248 1338 1341 1368 Petri
1359 1338 1400 1368 ad
1417 1338 1550 1369 Montes
1566 1337 1800 1372 Catalaunen.
1817 1339 1850 1368 et
1872 1346 1976 1377 praep.
1993 1337 2178 1374 Valentin.,
2195 1345 2235 1368 ac
2256 1335 2382 1368 archid.

781 1389 821 1420 de
835 1390 962 1430 Josayo
977 1390 1144 1421 Parisien.
1166 1390 1246 1421 eccl.
1269 1391 1322 1429 (A.
1338 1392 1388 1428 23,
1408 1390 1431 1421 f.
1446 1391 1508 1422 270
1523 1396 1551 1428 “;
1578 1389 1610 1420 V.
1627 1392 1677 1426 79,
1697 1399 1748 1430 ep.
1767 1390 1872 1430 1914.)

824 1440 964 1472 22954.
983 1461 1020 1465 -
1038 1443 1123 1483 May.
1139 1443 1272 1474 Andreae
1286 1443 1322 1474 de
1341 1443 1473 1480 Verulis,
1491 1452 1563 1475 can.
1585 1443 1858 1480 Wratislavien„
1879 1443 1981 1483 Papae
1999 1443 2169 1483 scriptori,
2186 1442 2309 1474 indult.
2323 1442 2384 1475 eli-

779 1496 879 1535 gendi
893 1496 1135 1532 confessorem,
1153 1497 1211 1536 qui
1227 1497 1261 1527 in
1276 1496 1435 1528 omnibus
1449 1496 1584 1528 casibus
1599 1497 1633 1528 S.
1651 1498 1692 1528 A.
1707 1488 1774 1528 non
1794 1497 1980 1528 reservatis
2000 1497 2114 1536 ipsum
2130 1496 2307 1528 absolvere
2323 1503 2383 1527 va-

779 1549 858 1585 leat,
875 1549 1037 1589 quamdiu
1062 1549 1292 1589 prosecutioni
1321 1550 1528 1589 agendorum
1554 1550 1651 1581 dictae
1676 1550 1781 1587 sedis,
1798 1549 1923 1590 quibus
1951 1558 2039 1581 nunc
2058 1550 2241 1590 deputatus
2258 1548 2382 1586 extitit,

779 1602 943 1633 institerit
957 1604 990 1633 et
1007 1611 1027 1634 a
1041 1603 1195 1634 Romana
1212 1603 1307 1634 curia
1321 1603 1445 1634 absens
1461 1603 1535 1634 erit.
1556 1604 1609 1643 (A.
1627 1604 1678 1640 23,
1695 1603 1717 1634 s.
1734 1604 1793 1634 275
1809 1603 1839 1639 b,
1858 1603 1895 1635 V.
1909 1605 1959 1641 79,
1972 1611 2024 1643 ep.
2044 1602 2151 1643 1953.)

823 1653 962 1685 22955.
980 1674 1016 1679 -
1033 1656 1108 1687 Eid.
1127 1656 1249 1687 induit.
1266 1657 1413 1696 eligendi
1430 1656 1658 1688 confessorem
1673 1656 1732 1696 qui
1745 1656 1787 1687 ad
1804 1656 1892 1688 idem
1910 1657 2047 1696 tempus
2061 1657 2177 1697 ipsum
2191 1655 2234 1688 ab
2249 1664 2381 1688 excom.

779 1709 958 1740 sententiis
977 1718 995 1740 a
1008 1718 1134 1740 canone
1148 1710 1228 1740 latis
1243 1709 1420 1741 absolvere
1436 1710 1582 1741 valeant.
1614 1710 1665 1748 (A.
1683 1711 1733 1745 23,
1754 1709 1777 1740 f.
1795 1711 1854 1741 275
1870 1709 1900 1746 ¹'3
1922 1709 1954 1740 V.
1971 1710 2021 1747 79,
2037 1718 2089 1750 ep.
2107 1710 2214 1749 1954.)

817 1759 962 1794 22956.
979 1781 1016 1785 -
1033 1762 1109 1794 Eid.
1129 1763 1267 1794 licentia
1282 1763 1442 1794 testandi.
1461 1762 1514 1804 (A.
1532 1765 1582 1802 23,
1603 1763 1627 1794 f.
1643 1764 1702 1795 275
1720 1761 1752 1801 b;
1772 1763 1808 1794 V.
1825 1765 1876 1799 79,
1894 1772 1947 1803 ep.
1965 1764 2070 1802 1955.)

821 1866 959 1898 22957.
983 1886 1021 1891 -
1044 1869 1127 1910 May.
1149 1869 1282 1900 Andreae
1299 1869 1336 1900 de
1359 1869 1490 1906 Verulis,
1513 1870 1612 1909 Papae
1628 1870 1799 1910 scriptori,
1822 1879 1895 1901 can.
1918 1870 2066 1910 praeben.
2089 1870 2170 1902 eccl.
2193 1870 2379 1903 Wratisla-

776 1922 877 1959 vien„
895 1922 1030 1953 collatio
1046 1923 1222 1962 quusdam
1240 1923 1362 1954 domus
1381 1923 1455 1954 sitae
1474 1923 1509 1953 in
1533 1923 1624 1954 civit.
1650 1923 1920 1961 Wratislavien„
1946 1932 2076 1955 necnon
2091 1923 2263 1962 villarum,
2290 1923 2379 1956 deci-

775 1984 906 2006 marum
926 1977 959 2006 et
974 1975 1176 2006 allodiorum
1199 1976 1235 2006 in
1259 1976 1304 2006 di.
1327 1975 1587 2007 Wratislavien.
1612 1976 1884 2014 consistentium,
1905 1977 2146 2008 consuetorum
2163 1977 2197 2008 in
2214 1978 2380 2017 perpetua

774 2028 885 2059 benef.
900 2028 1070 2059 canonicis
1089 2029 1185 2060 dictae
1203 2029 1283 2060 eccl.
1302 2029 1468 2068 assignari
1486 2031 1518 2060 et
1537 2038 1608 2060 vac.
1628 2038 1688 2068 per
1706 2029 1836 2061 obitum
1851 2030 1941 2069 apud
1958 2029 1992 2061 S.
2010 2030 2052 2072 A.
2066 2030 2149 2067 Viti,
2167 2030 2276 2070 ejusd.
2294 2030 2376 2062 eccl.

773 2090 864 2117 can.;
883 2090 947 2112 non
966 2081 1052 2112 obst.
1070 2090 1187 2112 canon.
1214 2082 1358 2112 Tranen.
1378 2083 1411 2112 et
1424 2082 1585 2113 Verulan.
1607 2081 1703 2119 eccl.,
1723 2091 1762 2114 ac
1777 2082 1858 2113 eccl.
1874 2083 1908 2114 S.
1927 2083 1972 2114 M.
1991 2083 2032 2114 de
2053 2083 2197 2121 Fuiano‚
2213 2083 2376 2116 Verulan.

773 2135 819 2165 di.
836 2152 871 2158 —-
888 2135 914 2166 Ι.
929 2143 957 2166 e.
972 2143 1017 2165 m.
1035 2134 1205 2174 archiep.0
1217 2135 1402 2171 Gneznen.‚
1418 2137 1450 2166 et
1463 2144 1550 2175 mag.
1568 2135 1743 2167 Leonardo
1757 2136 1798 2167 de
1814 2136 1997 2174 Guarcino,
2010 2136 2160 2168 thesaur.
2175 2137 2376 2178 Lingonen„

772 2189 872 2227 Papae
898 2189 981 2224 not„
1009 2196 1047 2218 ac
1072 2189 1172 2219 Petro
1196 2189 1236 2218 de
1261 2188 1436 2225 Alvernia,
1462 2197 1534 2220 can.
1566 2189 1768 2220 Noviomen.
1800 2189 1880 2220 eccl.
1905 2189 1957 2229 (A.
1982 2191 2034 2227 23,
2062 2190 2086 2222 f.
2119 2191 2180 2222 276
2203 2195 2233 2228 ι;
2262 2190 2296 2223 V.
2323 2192 2376 2229 79,

773 2249 790 2272 e
818 2264 825 2271 .
846 2243 935 2272 1956.

793 2242 954 2324 Ρ22958).
974 2311 1012 2317 -
1029 2294 1146 2325 loanni
1162 2294 1198 2325 de
1223 2294 1372 2331 Alvernz'a
1385 2295 1510 2335 juniori
1524 2295 1636 2327 collat.
1656 2304 1775 2327 canon.
1793 2296 1857 2328 sub
1873 2305 1968 2337 exsp.
1991 2297 2094 2337 praeb.
2115 2297 2196 2330 eccl.
2212 2298 2254 2330 de
2270 2307 2299 2330 s.
2315 2298 2375 2330 Ju-
2393 2324 2395 2326 ,

772 2347 884 2384 niano,
901 2348 1113 2379 Lemovicen.
1130 2348 1176 2378 di.
1193 2365 1231 2370 —-
1248 2349 1274 2380 Ι.
1293 2357 1322 2379 0.
1343 2357 1387 2379 m.
1403 2349 1504 2380 Petro
1520 2349 1561 2380 de
1585 2349 1701 2387 Banis,
1727 2349 1854 2381 archid.
1874 2349 2089 2389 Cambraliae,
2106 2352 2140 2383 et
2153 2351 2322 2384 Rainaldo
2333 2352 2376 2384 de
2438 2353 2442 2356 ”

770 2401 932 2440 Egeduno
955 2410 992 2432 ac
1018 2401 1173 2432 Audoino
1197 2402 1363 2439 Marones,
1386 2402 1468 2433 0001.
1493 2402 1708 2434 Lemovicen.
1732 2403 1916 2435 canonicis.
1943 2404 1995 2443 (A.
2019 2405 2072 2443 23,
2087 2404 2110 2436 f.
2131 2406 2188 2436 351
2209 2404 2240 2442 ¹³3
2262 2404 2299 2437 V.
2322 2406 2373 2444 79,

771 2462 824 2494 ep.
843 2453 948 2493 1961.)

815 2504 954 2536 22959.
973 2524 1011 2529 -
1028 2507 1123 2538 Petro
1139 2507 1176 2538 de
1188 2507 1361 2539 Alvernlzia
1376 2517 1472 2548 prov.
1489 2517 1609 2540 canon.
1629 2509 1708 2540 eccl.
1722 2509 1926 2541 Noviomen.
1945 2509 2008 2541 sub
2024 2519 2121 2550 exsp.
2135 2510 2252 2550 praeb.,
2265 2511 2372 2552 dign„

770 2561 973 2600 personatus
993 2562 1050 2592 aut
1066 2561 1120 2592 off.
1142 2570 1169 2593 c.
1190 2570 1218 2593 0.
1235 2561 1289 2592 vel
1306 2570 1333 2592 s.
1350 2570 1378 2592 c.
1396 2578 1434 2583 —-
1449 2561 1475 2593 Ι.
1498 2570 1527 2592 e.
1544 2570 1588 2593 m.
1614 2562 1802 2594 Avalonen.
1819 2563 1964 2595 AEduen.
1983 2565 2017 2595 et
2035 2563 2236 2596 cambraliae
2252 2565 2372 2597 Lemo-

770 2613 878 2644 vicen.
900 2613 1074 2651 archidjs,
1092 2623 1129 2645 ac
1149 2614 1250 2645 Petro
1265 2614 1453 2650 Galvahan,
1477 2623 1550 2646 can.
1579 2615 1799 2647 Aurelianen.
1826 2615 1909 2648 eccl.
1928 2616 1982 2655 (A.
2008 2618 2060 2654 23,
2081 2616 2104 2648 f.
2127 2618 2186 2649 318
2209 2622 2239 2656 ⁸;
2265 2617 2301 2650 V.
2321 2619 2372 2656 79,

770 2674 823 2706 ep.
842 2667 946 2707 1974.)
1091 2699 1094 2701 .

815 2717 950 2749 22960.
969 2737 1007 2742 -
1024 2720 1138 2752 Joanm'
1154 2720 1241 2751 Petri
1253 2719 1359 2752 Nizuli
1376 2721 1489 2752 collat.
1508 2721 1675 2753 ruralium
1694 2722 1774 2753 ecel.
1794 2730 1823 2753 s.
1838 2722 1974 2754 Nicolai
1990 2722 2031 2754 de
2046 2716 2205 2755 Civitella
2217 2725 2251 2755 et
2265 2732 2292 2756 8.
2310 2725 2374 2757 Pe-

769 2772 814 2804 tri
831 2773 872 2804 de
885 2773 1029 2811 Rivano,
1050 2782 1122 2805 vac.
1143 2782 1204 2813 per
1226 2773 1357 2806 obitum
1373 2774 1516 2806 Joannis
1538 2774 1683 2806 Andreae
1703 2775 1744 2806 de
1765 2775 1881 2807 Alatro
1897 2775 1987 2815 apud
2002 2776 2037 2808 S.
2056 2776 2098 2807 A.
2116 2776 2267 2808 defuncti
2274 2787 2285 2815 ;
2304 2786 2372 2810 non

770 2825 856 2858 obst.
873 2826 908 2857 in
924 2826 1003 2858 eccl.
1019 2835 1047 2858 s.
1069 2827 1188 2858 Crucis
1204 2827 1365 2860 Verulan.
1383 2827 1544 2859 clericatu
1559 2828 1591 2859 et
1610 2828 1756 2868 quodam
1773 2827 1884 2860 benef.
1903 2829 1935 2867 (3
1952 2828 2026 2860 flor.
2045 2829 2150 2868 auri);
2167 2838 2244 2861 cum
2260 2839 2370 2863 cassa-

769 2879 861 2910 tione
875 2879 1017 2911 alterius
1035 2880 1152 2920 gratiae
1176 2888 1271 2920 exsp.
1298 2879 1410 2912 benef.
1425 2889 1452 2912 0.
1473 2889 1500 2912 0.
1524 2881 1578 2912 vel
1594 2889 1621 2912 s.
1641 2890 1669 2912 c.
1688 2881 1730 2912 ad
1747 2881 1859 2913 collat.
1877 2880 1954 2913 abb.
1978 2883 2011 2913 et
2033 2882 2134 2923 capit.
2154 2883 2267 2916 saecul.
2287 2884 2368 2916 0001.

769 2941 797 2964 s.
823 2933 963 2964 Erasmi·
985 2933 1148 2965 Verulan.
1165 2950 1203 2955 -
1219 2934 1246 2964 I.
1265 2942 1294 2964 e.
1311 2942 1356 2964 m.
1375 2942 1402 2964 s.
1419 2933 1555 2965 Erasmi
1573 2935 1607 2965 et
1632 2943 1660 2965 s.
1679 2934 1779 2965 Pauli
1795 2934 2010 2966 saecularium
2026 2935 2189 2968 Verulan.
2217 2936 2306 2974 abb„
2332 2946 2370 2969 ac

767 2985 893 3017 Jacobo
909 2986 949 3017 de
965 2986 1109 3024 Mutina,
1124 2986 1261 3018 scolast.
1280 2986 1413 3018 Tullen.
1433 2986 1514 3018 eccl.
1531 2987 1584 3028 (A.
1602 2988 1653 3025 23,
1669 2987 1694 3019 t'.
1712 2987 1772 3019 358
1785 2992 1816 3025 ⁸3
1840 2986 1872 3018 V.
1887 2989 1938 3026 79,
1953 2997 2006 3028 ep.
2022 2988 2129 3035 200¹.)
