2592 3562
355 277 417 308 404

387 363 491 391 Datum
512 356 696 391 Avenione.

428 675 466 704 24
480 676 546 711 jun.
568 675 655 703 1325.

429 722 496 756 (vm
514 720 572 748 kal.
588 720 655 756 jul.)

477 765 508 792 T.
529 765 610 792 XXX.

508 1047 542 1075 Ut
563 1055 586 1075 s,

469 1092 500 1118 T.
521 1092 614 1119 XXVI.

502 1473 539 1501 Ut
564 1481 587 1501 ε.

456 1518 486 1545 T.
505 1518 550 1549 xl,
569 1517 641 1544 XIII.

508 1793 543 1819 Ut
562 1800 584 1818 s.

456 1837 486 1863 T.
507 1837 552 1870 xi,
568 1836 639 1863 XIII.

507 2111 543 2138 Ut
560 2119 583 2138 s.

457 2155 487 2182 T.
506 2155 551 2188 XI,
567 2155 638 2182 XIII.

511 2323 547 2351 Ut
568 2332 591 2350 s.

454 2367 484 2394 T.
507 2368 553 2401 xl,
569 2367 639 2394 XIII.

433 2481 472 2509 25
485 2482 553 2516 jun.
574 2481 661 2510 1325.

443 2531 498 2562 (vn
515 2528 574 2555 kal.
589 2527 658 2563 jul.)

452 2573 483 2599 T.
504 2573 551 2608 xi,
572 2572 643 2599 xm.

513 2749 547 2776 Ut
568 2757 591 2776 s.

457 2793 486 2820 T.
504 2793 551 2827 XI,
570 2793 642 2820 XIII.

514 2908 549 2935 Ut
569 2916 592 2936 s.

457 2952 488 2979 T.
506 2952 552 2986 x1,
568 2952 640 2979 XIII.

758 271 931 302 JOANNIS
956 271 1074 302 PAPAE
1096 270 1198 302 XXII.
1222 271 1472 311 (1316-1334).
1495 289 1533 295 —
1555 270 1742 302 LITTERAE
1764 269 1990 302 COMMUNES

786 456 926 488 forsitan
944 457 1080 487 incursa
1094 456 1270 488 occasione
1283 457 1565 488 constitutionum
1584 466 1642 497 per
1661 457 1697 488 P.
1714 457 1751 488 P.
1769 457 1938 489 editarum
1953 458 2070 489 contra
2083 457 2272 499 invasores,
2288 467 2383 491 occu-

785 512 920 550 patores
939 512 972 541 et
991 509 1184 541 turbatores
1202 511 1372 541 terrarum
1395 510 1438 542 ad
1454 510 1496 542 R.
1518 510 1556 541 E.
1574 511 1693 551 spect..
1713 519 1772 551 per
1796 519 1882 551 quas
1901 510 2116 542 declarantur
2133 511 2258 551 privati
2276 520 2384 553 usque

786 564 826 594 ad
849 565 1004 603 quartam
1031 563 1283 603 generationem
1302 563 1461 594 omnibus
1486 563 1676 604 privilegiis
1698 563 1784 604 ipsis
1809 563 1982 595 concessis
2009 563 2051 595 ab
2075 564 2150 597 ead.
2173 564 2327 597 Ecclesia
2351 566 2383 598 et

785 617 938 648 Romano
953 616 1107 656 imperio.
1123 616 1176 656 (A.
1195 617 1245 652 23,
1265 616 1288 648 f.
1308 617 1366 648 130
1380 615 1410 654 1),
1431 616 1467 647 V.
1486 618 1536 654 79,
1554 624 1608 656 ep.
1627 618 1731 654 1580.)

830 667 968 700 22813.
987 686 1024 692 —
1041 670 1133 700 Petro
1153 669 1290 707 Beralda‘,
1305 668 1461 701 Gathar-do
1473 669 1598 700 Iuliani
1611 674 1637 700 el
1653 670 1826 701 Raimundo
1840 669 1878 701 de
1889 669 2019 708 Coactis,
2032 680 2099 702 can.
2115 669 2280 703 catur-cen.
2298 669 2384 709 eccl„

786 723 897 755 mand.
917 725 954 754 ut
968 723 1069 754 citent
1089 723 1227 754 Petrum
1246 723 1381 760 Barros,
1396 722 1490 760 cler„
1508 725 1664 763 nepotem
1677 723 1847 763 quondam
1859 723 2014 763 Hugonis
2027 724 2176 756 Geraudi
2189 724 2256 765 ep.i
2269 724 2384 757 Catur-

785 785 871 814 cen.,
891 777 949 816 qui
966 777 1080 816 vigore
1094 767 1272 816 'cujusdam
1289 778 1464 816 praetensae
1486 777 1668 815 permutat.
1693 776 1845 808 ecclesiae
1865 785 1893 808 s.
1918 777 2093 809 Saturnini
2111 785 2216 818 prope
2236 777 2385 810 Mentem

787 839 918 865 aucum,
941 830 1118 862 Caturcen.
1142 830 1201 864 di.,
1223 838 1324 869 quam
1353 838 1394 860 ex
1416 829 1529 860 collat.
1555 829 1637 860 dicti
1662 829 1730 869 ep.i
1757 831 1874 861 contra
1896 829 2040 870 gratiam
2063 830 2172 870 apost.
2197 829 2383 868 obIInebat,

788 884 882 915 sactae
896 893 971 914 cum
990 883 1176 915 Guillelmo
1193 883 1233 914 de
1253 882 1473 915 Calvomonte
1491 891 1552 922 pro
1575 882 1656 914 eccl.
1683 891 1710 914 s.
1736 882 1897 923 Stephani
1919 883 1960 914 de
1977 883 2183 924 Cogornaco‚
2198 883 2307 924 ejusd.
2324 883 2386 922 di.,

787 937 883 977 cujus
902 938 1024 968 Petrus
1046 936 1212 968 Savinerii
1234 937 1343 967 rector
1365 935 1494 973 existit,
1519 935 1553 966 in
1576 944 1616 967 ea
1640 944 1677 967 se
1699 936 1866 967 violenter
1891 936 2041 968 intrusit.
2067 937 2121 977 (A.
2141 937 2191 974 23,
2218 937 2241 968 f.
2269 938 2328 970 126
2354 936 2385 975 ¹’;

793 990 828 1022 V.
849 993 899 1028 79,
919 999 970 1029 ep.
991 991 1095 1028 1557.)

833 1039 969 1073 22644.
988 1060 1026 1066 —
1044 1042 1206 1074 Corzoren.
1223 1042 1339 1083 [forsan
1357 1041 1544 1081 Cur·zolen.],
1560 1041 1753 1074 Scardonen.
1772 1046 1800 1073 et
1822 1042 1939 1074 Tinien.
1955 1043 2033 1084 epa's
2046 1043 2272 1076 committunt
2286 1051 2389 1076 causa

788 1099 922 1129 vertens
936 1097 1024 1128 iuter
1038 1097 1244 1136 Stephanum
1259 1096 1338 1127 olim
1353 1096 1586 1135 primicerium
1600 1096 1681 1127 eccl.
1694 1096 1866 1136 Spalaten.
1878 1098 1912 1127 et
1926 1096 2052 1128 Lucam
2067 1095 2224 1128 abbatem
2240 1097 2388 1129 monast.

789 1160 816 1181 s.
835 1160 861 1182 s.
879 1150 1009 1182 Cosmae
1024 1151 1056 1181 et
1077 1149 1249 1187 Damiani,
1266 1149 1304 1182 Ο.
1323 1149 1356 1180 S.
1375 1150 1426 1187 Β.,
1442 1149 1580 1180 Jadren.
1600 1149 1660 1186 di.,
1681 1149 1715 1180 in
1736 1158 1831 1190 ep.os
1854 1149 1976 1181 Faren.
1994 1151 2072 1190 post
2086 1149 2216 1182 obitum
2232 1149 2388 1191 Gregorii

789 1204 927 1235 electos,
951 1204 1091 1235 Cassata
1103 1203 1173 1242 jam
1196 1202 1261 1233 suit
1278 1202 1399 1234 electio
1422 1202 1583 1242 Stephani
1604 1202 1644 1234 de
1666 1202 1831 1239 Sloradis,
1849 1202 1984 1243 plebani
2008 1202 2120 1243 plebis
2136 1211 2164 1234 s.
2186 1202 2321 1235 Mathoei
2334 1203 2391 1235 Ja·
2459 1180 2494 1241 3,-

790 1258 898 1294 d1·en.,
917 1256 1035 1288 multis
1059 1255 1246 1287 laborantis
1265 1255 1371 1290 vitiis,
1394 1257 1428 1286 et
1452 1255 1573 1286 deinde
1594 1255 1706 1287 dictus
1727 1255 1838 1287 Lucas
1863 1256 2020 1288 eumdem
2045 1256 2293 1296 primicerium,
2315 1255 2389 1297 ,iam
2446 1270 2457 1274 -·
2492 1254 2496 1270 ⁵

791 1310 1027 1342 confirmatum
1045 1309 1077 1339 in
1094 1317 1207 1348 epum
1220 1309 1357 1343 Faren.,
1373 1308 1472 1339 bonis
1486 1308 1646 1339 omnibus
1662 1308 1836 1348 spoliavit,
1854 1309 1889 1340 in
1903 1309 1983 1340 eccl.
2001 1309 2124 1341 Faren.
2139 1308 2213 1349 ipse
2223 1309 2389 1342 violenter

791 1364 955 1395 intrusus.
976 1363 1027 1403 (A.
1042 1364 1092 1400 23,
1110 1362 1131 1393 f.
1152 1363 1211 1393 163
1226 1361 1255 1399 ¹³3
1278 1361 1313 1393 V.
1332 1363 1382 1397 79,
1399 1370 1450 1401 ep.
1471 1363 1568 1399 16463
1585 1361 1743 1399 Theinen
1770 1361 1968 1393 Monumenta
1984 1366 2086 1394 vetera
2103 1362 2270 1394 Slauorum
2295 1362 2387 1395 Meri-

792 1416 1010 1453 dionalium,t.
1028 1416 1054 1454 Ι,
1074 1424 1107 1455 p.
1128 1417 1195 1452 161,
1214 1415 1286 1446 doc.
1304 1414 1435 1453 CCXI.)

837 1466 971 1501 22645.
993 1487 1031 1492 —
1055 1467 1204 1499 Wislelmo
1222 1468 1257 1498 de
1279 1467 1436 1506 Bondone,
1456 1467 1536 1499 cler.
1553 1467 1708 1499 Isabellae
1727 1469 1851 1508 reginae
1869 1468 2010 1509 Angliae,
2033 1469 2142 1509 gratia
2159 1477 2259 1509 exsp.
2276 1467 2389 1503 benef.

792 1533 819 1555 c.
835 1532 862 1554 c.
881 1523 934 1554 vel
951 1532 978 1554 s,
995 1531 1023 1554 c.
1044 1523 1078 1552 in
1095 1522 1186 1553 civit.
1205 1521 1257 1552 vel
1274 1521 1320 1552 di.
1339 1521 1464 1558 Elien.,
1480 1522 1603 1560 pertin.
1618 1521 1660 1552 ad
1675 1521 1788 1553 collat.
1806 1521 1889 1561 ep.i;
1909 1530 1975 1553 non
1991 1521 2078 1554 obst.
2096 1522 2232 1562 paroch.
2249 1522 2331 1555 eccl.
2349 1522 2392 1555 de

791 1577 975 1614 Blemiliin‚
1000 1575 1209 1607 Lincolnien.
1229 1575 1289 1612 di.,
1307 1583 1409 1615 quam
1433 1574 1605 1606 dimittere
1621 1575 1755 1605 tenetur
1770 1576 1847 1614 post
1863 1575 2112 1607 assecutionem
2127 1575 2239 1607 benef.
2256 1584 2286 1607 c.
2302 1585 2346 1614 c..
2357 1577 2392 1608 et

792 1631 826 1661 in
844 1639 870 1660 s.
887 1629 1023 1661 Martini
1043 1628 1156 1668 magni
1171 1637 1289 1659 canon.
1313 1629 1346 1659 et
1368 1626 1484 1667 praeb.,
1504 1636 1541 1658 ac
1564 1627 1599 1658 in
1625 1627 1748 1667 majori
1771 1628 1978 1659 Londonien.
2003 1630 2037 1660 et
2060 1628 2283 1660 Hereforden.
2307 1627 2391 1661 ecel.

793 1692 910 1715 canon.
931 1682 993 1713 sub
1007 1691 1103 1722 exsp.
1121 1681 1223 1721 praeh.
1242 1698 1280 1704 —
1301 1681 1328 1712 Ι.
1353 1690 1383 1712 e.
1401 1690 1447 1712 m.
1464 1689 1540 1720 ep.o
1558 1681 1804 1717 Winctonien.,
1820 1683 1853 1713 et
1868 1681 2171 1714 Westmonasterii
2185 1690 2224 1714 ac
2237 1682 2279 1714 de
2295 1681 2391 1714 Wal—

792 1737 896 1771 tham,
915 1736 1122 1767 Londonien.
1141 1735 1200 1774 di.,
1218 1735 1362 1766 monast.
1376 1733 1568 1765 abhatibus.
1587 1734 1640 1774 (A.
1660 1735 1712 1770 23,
1731 1734 1752 1765 f.
1770 1735 1831 1765 228
1846 1740 1876 1770 *ς
1901 1734 1934 1765 V.
1952 1737 2002 1773 79,
2020 1744 2073 1776 ep.
2091 1735 2196 1775 1833.)

838 1787 973 1819 22616.
995 1808 1032 1812 -
1053 1789 1174 1819 lemae
1197 1787 1233 1818 de
1251 1787 1431 1825 Londoniis,
1450 1787 1529 1818 cler.
1547 1789 1580 1819 et
1597 1787 1706 1818 famil.
1723 1787 1878 1819 Isabellae
1897 1789 2023 1828 reginae
2041 1788 2186 1829 Angliae,
2203 1788 2318 1821 collat.
2339 1797 2392 1821 ca-

793 1852 871 1874 non.
887 1843 950 1874 sub
965 1851 1059 1882 exsp.
1075 1841 1178 1881 praeb.
1197 1841 1277 1872 eccl.
1296 1841 1500 1878 Cicestren.;
1515 1849 1582 1871 non
1595 1840 1681 1872 obst.
1695 1849 1813 1872 canon.
1832 1843 1864 1872 et
1880 1841 1982 1881 praeb.
2000 1841 2035 1872 in
2051 1841 2132 1873 eccl.
2146 1841 2179 1872 b.
2195 1841 2394 1874 Wolfranni

793 1897 827 1927 in
841 1895 1069 1928 Abhatisvilla
1087 1895 1160 1934 (100
1175 1894 1238 1925 sol.
1254 1893 1376 1931 steri.)‚
1394 1895 1426 1925 et
1444 1893 1578 1933 paroch.
1597 1894 1678 1925 eccl.
1704 1894 1744 1925 de
1763 1894 1889 1925 Barton
1903 1895 2043 1926 Haurad
2059 1895 2112 1935 (20
2126 1895 2252 1926 march.
2268 1895 2392 1935 εἴστι),

792 1949 993 1980 Ambianen.
1015 1950 1048 1979 et
1073 1947 1282 1979 Lincolnien.
1304 1947 1350 1977 di.
1372 1963 1410 1969 —-
1432 1947 1456 1976 1.
1476 1955 1504 1977 e.
1529 1955 1574 1977 m.
1593 1947 1907 1978 W'estImonasterii
1929 1949 1962 1978 et
1984 1948 2024 1979 de
2049 1947 2238 1987 Waltham,
2265 1948 2396 1980 Londo-

794 2003 883 2033 nien.
902 2002 961 2039 di.,
978 2002 1123 2032 monast.
1145 2000 1234 2037 abb„
1251 2009 1288 2031 ac
1306 1999 1430 2031 Joanni
1446 1999 1486 2030 de
1502 1999 1654 2036 Oxedon,
1673 2009 1744 2031 can.
1762 2000 1843 2031 eccl.
1862 2000 2086 2032 Hererorden.
2107 2001 2160 2042 (A.
2177 2003 2227 2039 23,
2243 2001 2267 2032 f.
2285 2002 2346 2034 32⁷
2359 2006 2394 2039 *ς

798 2056 835 2087 V.
853 2057 902 2091 79,
921 2064 974 2094 ep.
994 2055 1096 2091 1850.)

838 2105 972 2137 22647.
994 2125 1031 2130 —
1050 2106 1231 2137 Baldellcino
1248 2106 1328 2137 dicto
1342 2105 1471 2147 Anyelo,
1492 2110 1567 2137 nato
1585 2106 1718 2137 loannis
1739 2106 1854 2147 Anqeli
1871 2106 1936 2137 mil.
1957 2111 1985 2138 et
2007 2107 2178 2138 consiliarii
2193 2106 2332 2139 [sabella
2345 2115 2394 2140 re·

792 2162 871 2202 yinae
893 2160 1026 2202 Anyliae,
1046 2160 1155 2200 gratia
1174 2168 1271 2199 exsp.
1291 2159 1404 2191 benef.
1422 2168 1449 2190 s.
1469 2168 1497 2191 c.
1517 2161 1569 2198 (50
1586 2160 1609 2190 l.
1627 2162 1665 2198 t.)
1683 2160 1718 2190 in
1737 2160 1830 2191 civit.
1848 2160 1902 2191 vel
1920 2161 1966 2191 di.
1979 2160 2179 2192 Laudunen.
2202 2179 2240 2184 —
2256 2161 2284 2193 Ι.
2300 2169 2331 2194 e.
2344 2169 2391 2194 m.

793 2223 868 2255 ep.o
883 2214 1115 2247 Suessionen,
1133 2214 1165 2244 et
1180 2221 1207 2243 s.
1224 2212 1378 2244 Medardi
1396 2221 1434 2243 ac
1456 2222 1483 2244 s.
1500 2213 1642 2244 «Ioannis
1664 2213 1705 2244 de
1722 2213 1844 2245 Vineis
1863 2213 2083 2246 suessionen.
2101 2216 2247 2246 monast.
2264 2213 2394 2247 abbati·

793 2268 868 2299 hus.
887 2267 938 2305 (A.
952 2269 1001 2304 23,
1018 2266 1040 2297 f.
1055 2268 1114 2298 352
1128 2266 1158 2304 b;
1181 2266 1215 2297 V.
1236 2268 1288 2303 79,
1306 2274 1359 2306 ep.
1375 2265 1481 2305 2017.)

837 2318 976 2351 22648.
997 2338 1034 2343 —
1050 2320 1143 2350 Petro
1159 2319 1239 2350 dicto
1256 2318 1389 2359 Anqelo,
1403 2323 1475 2349 nalo
1489 2319 1620 2350 Ioannis
1633 2318 1709 2350 dicti
1726 2318 1839 2360 Anyeli
1855 2320 1933 2355 mil.,
1949 2320 2063 2351 collat.
2083 2329 2200 2352 canon.
2217 2320 2282 2352 sub
2295 2311 2406 2362 exsp.>
2446 2330 2495 2355 ¹,

794 2374 895 2414 praeb.
914 2374 993 2404 eccl.
1011 2373 1250 2409 Silvanecten.,
1267 2372 1396 2403 consid.
1413 2372 1571 2403 Isabeilis
1585 2373 1711 2412 reginae
1721 2372 1870 2413 Angliae;
1890 2381 1966 2404 cum
1981 2373 2135 2413 dispens.
2149 2381 2252 2414 super
2262 2373 2394 2407 defectu

793 2427 901 2459 aetatis
919 2429 948 2464 (7
965 2426 1044 2466 an).
1061 2443 1098 2448 -—
1112 2426 1138 2456 I.
1157 2434 1186 2457 e.
1202 2434 1246 2456 m.
1266 2426 1302 2456 ut
1320 2434 1347 2456 s,
1364 2425 1415 2464 (A.
1433 2426 1483 2463 23,
1501 2425 1523 2456 f.
1544 2427 1605 2456 439
1621 2425 1650 2462 Β,
1673 2425 1709 2456 V.
1728 2427 1779 2463 79,
1797 2434 1850 2465 ep.
1865 2426 1970 2464 2164.)

838 2477 977 2510 22619.
999 2497 1038 2502 -
1055 2479 1171 2509 loanni
1188 2478 1310 2509 Rotaria·
1327 2478 1364 2509 de
1385 2479 1531 2514 Auxona,
1550 2487 1642 2518 perp.
1665 2488 1737 2519 cap.
1762 2479 1798 2510 in
1822 2479 1904 2510 eccl.
1922 2487 1950 2510 s.
1969 2479 2063 2511 Petri
2079 2479 2264 2516 Bisuntin„
2283 2480 2395 2520 gratia

794 2542 890 2573 exsp.
910 2533 1020 2564 benef.
1045 2534 1084 2572 (c.
1102 2541 1129 2563 c.
1147 2534 1187 2564 60
1207 2532 1259 2563 vel
1277 2540 1304 2563 s.
1323 2541 1352 2562 c.
1373 2533 1413 2563 30
1430 2532 1452 2563 1.
1471 2533 1510 2570 t.)
1528 2532 1562 2562 in
1582 2531 1674 2563 civit.
1691 2532 1745 2563 vel
1765 2532 1811 2564 di.
1831 2532 2034 2572 Lingonen„
2057 2533 2098 2564 ad
2117 2533 2231 2564 collat.
2257 2532 2335 2564 abb.
2360 2534 2395 2567 et

794 2596 890 2618 conv,
906 2588 1050 2617 monast.
1068 2594 1096 2616 s.
1115 2585 1258 2625 Benigni
1277 2585 1446 2616 DiVionen
1465 2608 1471 2620 ,
1494 2585 1533 2617 O.
1550 2585 1583 2617 S.
1599 2586 1651 2623 Β.,
1669 2585 1767 2617 dictae
1782 2585 1829 2616 di.
1842 2602 1882 2609 -—
1899 2585 1927 2617 1.
1948 2594 1977 2616 e.
1994 2594 2041 2618 m.
2059 2586 2221 2617 Arnaudo
2239 2585 2280 2617 de
2295 2585 2395 2619 Cum·

793 2640 858 2677 bis,
879 2635 951 2671 can.
978 2639 1163 2675 vivarien„
1188 2640 1221 2669 et
1241 2638 1411 2669 Bisuntin.
1440 2647 1477 2669 ac
1497 2638 1684 2678 Lingonen.
1712 2637 1931 2670 officialibus.
1950 2638 2004 2677 (A.
2029 2639 2080 2677 23,
2102 2639 2125 2670 f.
2151 2640 2211 2671 246
2229 2644 2258 2676 ¹3
2281 2638 2318 2672 V.
2341 2641 2393 2676 79,

795 2701 847 2732 ep.
868 2694 970 2731 1657.)

839 2743 974 2775 22650.
993 2764 1030 2769 -
1047 2745 1183 2786 Aymom·
1200 2749 1274 2775 nato
1288 2743 1434 2776 Gnidonis
1446 2743 1482 2774 de
1498 2743 1718 2785 Montejusttno
1736 2744 1848 2776 collat.
1863 2753 1982 2776 canon.
1999 2744 2064 2776 sub
2079 2753 2176 2785 exsp.
2191 2745 2294 2785 praeb.
2309 2744 2391 2777 eccl.
2452 2715 2510 2776 33⁵5--

794 2800 833 2831 Β.
850 2800 894 2831 Μ.
912 2799 953 2830 de
970 2798 1144 2831 Columba>
1158 2797 1376 2835 monasterio,
1394 2797 1563 2829 Bisuntin.
1583 2797 1630 2828 di.
1649 2815 1686 2820 ——
1703 2797 1731 2828 Ι.
1749 2806 1779 2828 e.
1798 2806 1844 2830 m.
1868 2799 1906 2829 ut
1923 2806 1952 2830 s.
1975 2797 2030 2838 (A.
2046 2799 2098 2836 23,
2115 2797 2139 2829 f.
2161 2799 2222 2830 246
2239 2798 2270 2836 δ,
2291 2797 2324 2829 V.
2341 2799 2393 2836 79,

795 2861 848 2893 ep.
868 2852 974 2891 1658.)
2182 2860 2186 2861 ’

839 2903 976 2935 22651.
995 2923 1031 2928 -
1047 2904 1164 2936 loanni
1183 2904 1320 2941 Riccavi,
1337 2912 1427 2935 mon.
1447 2904 1592 2935 monast.
1613 2903 1765 2942 Anianae,
1786 2903 1825 2936 Ο.
1850 2904 1884 2936 S.
1904 2905 1955 2942 Β.,
1978 2903 2190 2945 Magalonen.
2209 2904 2268 2942 di.,
2285 2905 2395 2945 gratia

796 2968 891 2999 exsp.
913 2959 1097 2998 prioratus,
1117 2957 1172 2989 vel
1188 2957 1256 2995 off„
1273 2957 1331 2988 aut
1352 2956 1543 2988 administr.
1566 2956 1621 2987 vel
1638 2956 1749 2988 benef.
1771 2965 1788 2988 c
1822 2966 1851 2988 c.
1875 2957 1931 2988 vel
1953 2965 1982 2989 s.
2005 2966 2048 2994 c.,
2070 2957 2112 2989 ad
2135 2957 2248 2989 collat.
2267 2957 2343 2990 abb.
2361 2958 2395 2990 et
2487 3003 2490 3013 ¹
