2592 3562
241 427 346 454 Datum
363 422 547 456 Avenione.

246 632 284 661 15
299 632 363 668 (id.)
379 635 432 660 σοι.
455 631 543 659 1324.

314 677 346 705 T.
367 676 469 704 111¹¹V¹.

261 943 292 970 T.
310 898 392 976 XXIX}
408 907 526 970 XXXVI.

354 1165 390 1193 Ut
407 1173 430 1192 s.

298 1209 329 1236 T.
349 1210 409 1244 XII,
424 1210 493 1237 XIV.

355 1431 392 1459 Ut
408 1440 433 1459 s.

279 1474 310 1502 T.
331 1475 451 1510 XLVIII,
467 1476 497 1503 L.

348 1643 385 1670 Ut
402 1651 425 1671 s.

334 1686 364 1713 T.
385 1686 444 1714 XII.

347 1747 383 1775 Ut
402 1755 426 1775 s.

325 1790 355 1818 T.
376 1792 447 1819 XVI.

347 1853 384 1881 Ut
400 1862 423 1880 s.

317 1897 348 1924 T.
363 1897 457 1925 XXIV.

347 1959 384 1988 Ut
400 1968 424 1988 e.

322 2004 353 2032 T.
371 2004 451 2032 XXX.

347 2065 383 2093 Ut
397 2074 421 2093 s.

311 2109 343 2137 T.
363 2110 458 2139 XXIV.

343 2172 380 2200 Ut
398 2181 421 2200 s.

320 2215 356 2244 Τ.
377 2217 447 2245 XVI.

341 2331 377 2360 Ut
394 2341 418 2360 s.

310 2375 342 2404 Τ.
363 2376 455 2405 XXVI.

340 2438 376 2466 Ut
399 2447 423 2466 s.

313 2483 343 2510 T.
362 2483 455 2511 XXVI.

345 2545 381 2573 Ut
402 2554 426 2573 s.

330 2589 360 2617 T.
381 2590 440 2618 XII.

343 2652 380 2680 Ut
400 2661 424 2680 s.

309 2696 341 2725 T.
362 2697 458 2726 XXIV.

342 2759 380 2787 Ut
398 2767 422 2787 s.

308 2802 339 2832 T.
361 2804 458 2831 XXIV.

345 2864 381 2892 Ut
399 2873 423 2892 s.

323 2908 355 2936 T.
375 2909 445 2936 XVI.

345 2970 382 2999 Ut
398 2979 423 2998 s.

329 3014 360 3042 T.
381 3014 438 3042 XX.

602 335 775 366 JOANNIS
799 335 917 366 PAPAE
939 335 1040 366 XXII.
1066 337 1313 375 (1316-1334).
1337 355 1376 359 —
1398 337 1584 368 LITTERAE
1607 338 1831 370 CUMMUNES
2171 342 2229 373 241

636 526 714 566 φάε
729 525 841 556 mand.
858 525 894 556 ut
918 525 1074 555 eumdem
1096 525 1293 564 Astorgium
1320 534 1422 565 super
1443 526 1531 557 dicto
1556 527 1719 559 decanatu
1743 528 1917 561 molestari
1939 538 2006 562 non
2023 532 2231 570 permittant.

636 578 688 619 (A.
707 579 758 619 22,
779 578 802 608 f.
820 578 858 609 86
874 577 905 615 ¹²3
929 577 961 607 V.
981 579 1032 612 78,
1051 586 1103 616 ep.
1124 578 1208 616 182.)

680 628 815 660 20843.
838 649 875 654 -
895 630 1015 660 Decano
1031 634 1057 660 et
1079 631 1174 670 capit.
1191 630 1263 660 eccl.
1287 629 1481 661 Comei-acen.
1501 632 1614 662 mand.
1638 634 1675 663 ut
1701 633 1904 672 Guidonem‚
1925 636 2007 667 olim
2033 637 2231 675 Tornacen„

635 693 724 715 nunc
740 685 956 715 Cameracen.
973 692 1099 723 ep.um‚
1124 683 1267 723 benigne
1294 684 1508 723 recipienteS‚
1532 685 1599 724 ipsi
1627 685 1774 717 debitam
1797 687 1977 720 exhibeant
1994 689 2231 728 obedientiam,

635 737 715 768 licet
730 737 803 777 ipse
821 736 1015 776 homagium
1031 745 1098 767 non
1117 736 1233 767 fecerit
1250 745 1310 767 nec
1321 737 1551 776 Juramentum
1565 738 1740 769 fidelitatis
1756 740 1952 778 praestiterit
1969 743 2041 782 regi
2064 743 2232 776 Romano-

635 799 722 828 rum,
742 798 817 821 cum
834 789 948 821 nullus
965 798 1026 820 rex
1041 790 1274 821 Romanorum
1292 790 1334 820 ad
1349 798 1499 828 praesens
1516 790 1653 822 existat.
1670 808 1708 812 -
1723 791 1749 822 I.
1766 801 1795 823 e.
1811 801 1856 823 m.
1876 794 2000 833 populo
2017 795 2109 827 civit.
2135 797 2167 828 et
2185 797 2231 828 di.

636 843 871 879 Cameracen.;
889 843 980 874 univ.
997 842 1157 874 vassallis
1174 842 1254 873 eccl.
1275 843 1490 874 Cameracen.
1510 843 1562 882 (A.
1576 844 1627 880 22,
1647 843 1670 874 f.
1685 845 1743 875 347
1763 849 1791 880 ²;
1815 844 1851 875 V.
1871 847 1920 883 78,
1939 855 1991 886 ep.
2013 848 2100 888 122.)

681 893 815 926 20844.
836 913 874 918 -
889 895 1024 927 Guidonz'
1039 905 1109 936 ep.o
1126 895 1320 927 cameracen.
1340 895 1483 926 facultas
1501 896 1659 935 exigendi
1676 897 1887 929 moderatum
1903 899 2094 932 subsidium
2111 910 2130 932 a
2143 911 2232 941 pers.

635 949 823 981 ecclesiast.
843 958 982 980 suarum
1000 949 1091 980 civit.
1108 950 1140 980 et
1163 949 1220 985 di.,
1238 958 1314 979 cum
1341 957 1402 988 pro
1420 949 1661 988 recuperandis
1679 951 1711 980 et
1730 952 1989 983 manutenendis
2001 952 2135 992 ,iuribus
2152 955 2232 986 eccl.

635 1011 706 1033 suae
722 1003 835 1042 ipsum
850 1002 964 1034 subire
982 1003 1133 1042 oporteat
1149 1010 1271 1041 magna
1287 1010 1389 1032 onera
1404 1010 1644 1041 expensarum.
1661 1020 1698 1024 —
1711 1003 1737 1034 I.
1754 1012 1782 1034 e.
1800 1012 1845 1035 m.
1875 1003 1950 1035 abb.
1974 1007 2119 1038 monast.
2136 1007 2234 1039 Vico-

635 1055 739 1090 nien.,
756 1055 953 1086 Atrebaten.
969 1055 1028 1094 di.,
1046 1056 1078 1086 et
1094 1055 1220 1086 archid.
1240 1054 1422 1092 Parisien.,
1436 1063 1473 1086 ac
1489 1055 1626 1086 scolast.
1651 1055 1816 1088 Morinen.
1836 1057 1915 1089 eccl.
1940 1057 1992 1098 (A.
2009 1059 2059 1097 22,
2081 1059 2102 1090 f.
2128 1061 2185 1091 187
2199 1065 2213 1082 ⁸
2223 1070 2232 1098 ;

640 1108 677 1139 V.
694 1110 744 1152 78.
761 1117 813 1148 ep.
833 1108 917 1147 123.)

681 1159 815 1191 20815.
851 1180 888 1184 -
904 1162 1021 1193 Joanni
1035 1165 1108 1192 nato
1129 1160 1260 1192 Oldradi
1282 1161 1318 1192 de
1339 1161 1440 1192 Ponte
1459 1161 1613 1199 Laudem„
1633 1162 1746 1202 legum
1773 1163 1914 1201 doctori,
1941 1172 2014 1195 can.
2034 1165 2232 1204 Tornacen.,

634 1215 805 1246 indultum
821 1215 1031 1255 percipiendi
1045 1214 1176 1246 fructus
1191 1214 1302 1246 benef.
1321 1223 1461 1246 suorum
1479 1214 1607 1255 absque
1633 1215 1819 1247 residentia
1836 1217 1877 1247 ad
1897 1216 2095 1255 triennium,
2111 1218 2146 1249 in
2162 1221 2233 1251 stu-

604 1263 606 1265 ’
634 1268 690 1299 dio
708 1268 856 1308 generali
873 1268 1010 1300 scolast.
1029 1267 1224 1308 disciplinis
1240 1268 1431 1299 insistendo
1447 1269 1504 1299 aut
1520 1268 1556 1299 in
1573 1268 1687 1308 aliquo
1703 1269 1900 1300 eorumdem
1915 1269 2026 1301 benef.
2041 1271 2232 1304 residendo.

634 1339 671 1344 —
691 1321 717 1352 I.
736 1330 765 1352 e.
782 1330 826 1352 m.
842 1330 918 1361 ep.o
933 1322 1096 1358 Paduan„
1109 1323 1140 1353 et
1159 1321 1234 1352 abb.
1255 1321 1400 1352 monast.
1429 1330 1456 1352 s.
1483 1322 1625 1359 Bertini‚
1654 1322 1819 1354 Morinen.
1838 1322 1898 1360 di„
1917 1331 1954 1354 ac
1969 1332 2057 1364 mag.
2075 1324 2175 1357 Petro
2193 1325 2233 1358 de

633 1374 854 1410 Collemedio,
869 1375 1005 1406 scolast.
1020 1375 1101 1406 eccl.
1116 1375 1331 1407 cameracen.
1349 1375 1400 1413 (A.
1417 1375 1468 1411 22,
1488 1374 1511 1405 f.
1529 1376 1587 1406 124
1601 1380 1629 1411 ²;
1657 1374 1686 1406 V.
1707 1376 1757 1413 78,
1777 1384 1829 1415 ep.
1847 1377 1931 1414 132.)

679 1425 817 1458 20846.
842 1446 879 1451 -
897 1427 1027 1458 Joannae
1043 1428 1082 1459 R.
1103 1428 1141 1458 F.
1162 1433 1189 1458 ec
1204 1427 1245 1459 N.
1263 1428 1458 1468 indulgetur
1475 1429 1512 1458 ut
1529 1437 1552 1458 x
1566 1428 1646 1459 cler.
1672 1427 1781 1459 famil.
1806 1429 1871 1466 sui,
1887 1429 2050 1469 quamdiu
2069 1431 2143 1471 eJus
2165 1432 2233 1463 ins-

633 1481 767 1512 titerint
782 1481 968 1521 obsequiis,
986 1481 1116 1513 fructus
1136 1482 1288 1513 omnium
1309 1481 1420 1513 benef.
1446 1490 1583 1512 suorum
1602 1481 1775 1520 percipere
1791 1481 1926 1514 valeant
1942 1482 2069 1523 absque
2085 1485 2233 1517 residen-

631 1535 691 1565 tia.
707 1553 745 1558 —-
759 1535 785 1565 Ι.
801 1543 830 1566 e.
849 1543 894 1565 m.
913 1543 988 1574 ep.o
1006 1534 1187 1572 Parisien.,
1203 1536 1236 1566 et
1252 1543 1280 1565 s.
1298 1534 1459 1566 Germani
1473 1534 1514 1565 de
1529 1534 1641 1565 Pratis
1653 1534 1752 1574 Juxta
1770 1535 1937 1574 Parisius,
1957 1545 1994 1567 ac
2010 1545 2037 1568 s.
2055 1537 2233 1570 Genovefae

633 1587 800 1619 Parisien.
819 1589 965 1619 monast.
983 1587 1173 1619 abbatibus.
1192 1587 1246 1628 (A.
1263 1589 1315 1625 22,
1332 1587 1355 1619 f.
1377 1588 1434 1619 186
1452 1587 1482 1625 ¹³3
1508 1587 1541 1618 V.
1556 1589 1606 1625 78,
1623 1596 1676 1627 ep.
1693 1587 1778 1628 134.)

679 1637 814 1670 20847.
835 1659 873 1664 -
886 1640 999 1671 Eidem
1017 1641 1140 1672 indult.
1156 1640 1302 1673 habendi
1325 1641 1431 1672 altare
1447 1640 1618 1680 portatile.
1637 1641 1688 1679 (A.
1710 1642 1759 1678 22,
1779 1641 1802 1672 f.
1821 1642 1879 1673 185
1895 1647 1929 1678 η
1953 1642 1988 1673 V.
2007 1644 2057 1681 78,
2075 1652 2128 1683 ep.
2149 1646 2231 1682 135.)

677 1744 813 1776 20818.
831 1765 867 1770 -
883 1746 994 1777 Eidem
1014 1746 1209 1787 indulgetur
1223 1749 1260 1777 ut
1276 1746 1311 1777 in
1336 1746 1421 1778 locis
1442 1747 1621 1778 interdicto
1649 1747 1837 1786 suppositis
1858 1747 1972 1779 divina
1994 1748 2104 1780 valeat
2121 1749 2233 1782 officia

632 1801 743 1832 facere
761 1799 936 1831 celebrari.
956 1800 1010 1840 (A.
1028 1801 1079 1838 22,
1102 1800 1124 1831 f.
1143 1801 1200 1831 185
1219 1805 1248 1837 a;
1273 1799 1308 1831 V.
1329 1801 1380 1837 78,
1397 1808 1449 1839 ep.
1463 1799 1548 1838 136.)

677 1850 813 1883 20849.
833 1871 871 1875 -
887 1852 999 1884 Eidem
1015 1852 1185 1884 indultum
1199 1852 1347 1893 eligendi
1364 1853 1574 1892 sepulturam
1590 1853 1623 1884 et
1637 1852 1790 1884 membra
1806 1862 1843 1884 ac
1860 1862 1938 1885 ossa
1952 1854 2059 1885 dividi
2074 1854 2230 1889 faciendi.

631 1906 682 1946 (A.
707 1907 759 1944 22,
778 1906 800 1938 f.
821 1908 878 1938 185
895 1912 924 1943 ⁸;
947 1906 982 1937 V.
997 1908 1047 1943 78,
1072 1915 1124 1946 ep.
1140 1906 1226 1945 137.)

675 1956 811 1989 20850.
830 1977 869 1982 -
887 1959 1000 1990 Eidem
1015 1959 1210 2000 indulgetur
1230 1961 1266 1990 ut
1288 1959 1405 1990 nullus
1425 1959 1573 1999 capellas
1599 1967 1681 1990 suas
1708 1959 1887 1991 interdicto
1904 1969 2094 2000 supponere
2111 1962 2229 1995 valeat.

630 2013 684 2052 (A.
701 2014 751 2049 22,
771 2013 792 2044 f.
812 2014 869 2045 185
885 2018 913 2049 η
935 2013 971 2044 V.
987 2014 1039 2050 78,
1055 2021 1107 2052 ep.
1127 2012 1212 2052 138.)

672 2063 808 2095 20851.
830 2083 869 2089 -
885 2066 997 2096 Eidem
1015 2066 1178 2106 indulget.
1196 2067 1232 2096 ut
1250 2065 1425 2096 confessor
1443 2074 1527 2096 suus
1547 2065 1775 2097 familiaribus
1793 2066 1867 2097 suis
1886 2068 2098 2099 sacramenta
2113 2069 2230 2100 minis-

630 2121 719 2151 trare
734 2119 858 2151 valeat.
876 2119 929 2158 (A.
946 2121 997 2157 22,
1016 2119 1037 2150 f.
1055 2120 1112 2151 185
1128 2119 1158 2155 ¹³3
1184 2118 1216 2149 V.
1241 2120 1291 2155 78,
1314 2127 1366 2158 ep.
1383 2118 1467 2157 139.)

674 2169 809 2202 20852.
827 2191 862 2196 -
879 2172 990 2202 Eidem
1008 2172 1203 2212 indulgetur
1221 2173 1257 2203 ut
1275 2172 1365 2203 idem
1387 2172 1573 2210 confessor,
1597 2174 1629 2204 et
1652 2173 1726 2212 ejus
1752 2173 1836 2204 socii
1863 2182 1900 2205 ac
1923 2174 2088 2214 capellani
2115 2176 2169 2207 sui
2191 2176 2233 2207 ad

629 2226 723 2257 aliud
741 2225 891 2257 officium
908 2234 1010 2266 quam
1036 2225 1233 2257 Parisiense
1262 2225 1411 2257 recitare·
1427 2226 1568 2257 minime
1596 2227 1787 2257 teneantur.
1815 2226 1868 2265 (A.
1885 2228 1935 2264 22,
1960 2227 1981 2259 f.
2003 2228 2060 2259 185
2076 2228 2105 2264 1‘;
2130 2228 2163 2260 V.
2180 2230 2229 2266 78,

629 2288 682 2319 ep.
699 2279 784 2318 140.)

675 2329 810 2361 20853.
831 2350 868 2354 -
887 2331 999 2363 Eidem
1028 2331 1222 2372 indulgetur
1249 2332 1286 2363 ut
1306 2331 1423 2363 nullus
1445 2340 1520 2363 eam
1542 2332 1836 2364 excommunicare
1854 2333 1964 2372 possit
1987 2334 2054 2365 nisi
2079 2335 2119 2366 de
2141 2335 2175 2366 S.
2190 2335 2230 2366 A.

629 2385 767 2417 licentia
784 2385 936 2425 speciali.
956 2385 1010 2425 (A.
1027 2386 1077 2422 22,
1101 2385 1123 2415 f.
1145 2386 1202 2415 187
1218 2384 1246 2421 ¹³3
1269 2384 1304 2416 V.
1321 2386 1371 2420 78,
1391 2393 1443 2424 ep.
1466 2386 1550 2423 141.)

623 2452 626 2454 Δ
675 2435 810 2467 20854.
828 2456 867 2461 -
884 2437 996 2469 Eidem
1022 2438 1217 2478 indulgetur
1241 2439 1275 2470 ut
1291 2438 1478 2478 praedicans
1498 2447 1611 2470 coram
1628 2447 1668 2469 ea
1690 2438 1848 2470 omnibus
1866 2440 2090 2479 praesentibus
2107 2450 2148 2472 nx
2163 2441 2233 2473 die-

628 2500 704 2523 rum
720 2491 846 2531 indulg.
865 2491 1045 2523 concedere
1064 2491 1184 2522 valeat.
1204 2491 1257 2531 (A.
1274 2492 1324 2529 22,
1343 2490 1368 2522 f.
1388 2492 1445 2523 185
1463 2491 1492 2527 b3
1518 2490 1551 2523 V.
1573 2493 1623 2528 78,
1639 2500 1691 2531 ep.
1709 2491 1794 2531 142.)

675 2542 810 2574 20855.
830 2561 867 2566 -
883 2544 997 2575 Eidem
1014 2544 1208 2584 indulgetur
1224 2545 1261 2575 ut
1277 2544 1450 2576 confessor
1466 2553 1550 2575 suus
1564 2544 1675 2584 possit
1688 2544 1720 2576 ei
1737 2544 1926 2577 ecclesiast.
1943 2548 2153 2578 sacramenta
2169 2547 2230 2577 mi-

628 2598 788 2630 nistrare.
806 2598 860 2638 (A.
876 2599 927 2635 22,
945 2598 968 2628 f.
989 2598 1045 2629 185
1063 2597 1093 2634 ὓς
1114 2597 1149 2629 V.
1169 2599 1219 2634 78,
1235 2606 1286 2637 ep.
1306 2597 1392 2636 143.)

675 2649 810 2681 20856.
831 2668 869 2673 -
886 2651 997 2682 Eidem
1015 2651 1211 2691 indulgetur
1225 2652 1261 2683 ut
1278 2651 1323 2682 id.
1342 2650 1517 2682 confessor
1533 2650 1638 2682 semel
1657 2651 1725 2690 ipsi
1742 2652 1777 2682 in
1791 2652 1861 2683 vita
1877 2651 2012 2691 plenam
2029 2660 2167 2684 suorum
2179 2661 2228 2684 re-

628 2705 828 2736 missionem
844 2705 1059 2744 peccatorum
1077 2704 1258 2735 concedere
1274 2704 1396 2736 valeat.
1417 2703 1470 2743 (A.
1490 2704 1539 2739 22,
1555 2703 1577 2734 f.
1593 2704 1652 2735 186
1669 2709 1702 2741 ³;
1725 2703 1761 2735 V.
1778 2705 1827 2741 78,
1843 2713 1895 2744 ep.
1918 2704 2001 2743 144.)

674 2755 809 2787 20857.
831 2775 869 2781 -
886 2757 998 2788 Eidem
1015 2757 1185 2789 indultum
1203 2757 1415 2797 ingrediendi
1438 2758 1583 2788 monast.
1612 2757 1850 2797 religiosorum
1867 2758 1900 2788 et
1919 2756 2156 2796 religiosarum
2173 2766 2228 2789 cu-

625 2811 827 2852 juscumque
844 2811 916 2842 ord.
934 2811 988 2851 (A.
1005 2812 1056 2848 22,
1072 2810 1095 2841 f.
1115 2812 1172 2843 186
1188 2815 1220 2847 ·;
1246 2810 1281 2842 V.
1303 2811 1353 2847 78,
1370 2818 1422 2850 ep.
1440 2809 1525 2849 145.)

671 2861 807 2893 20858.
827 2881 865 2886 -—
883 2863 992 2894 Eidem
1014 2863 1209 2904 indulgetur
1225 2864 1261 2894 ut
1277 2862 1450 2895 confessor
1466 2871 1549 2893 suus
1565 2862 1673 2902 possit
1689 2861 1851 2894 fratribus
1868 2861 1922 2893 sui
1940 2861 2010 2893 ord.
2026 2861 2226 2894 comedenti-

626 2917 692 2949 bus
709 2926 785 2949 cum
801 2925 840 2948 eo
857 2917 1018 2957 loquendi
1031 2917 1203 2948 licentiam
1220 2916 1399 2956 impertiri.
1417 2915 1469 2955 (A.
1490 2917 1540 2951 22,
1559 2915 1581 2947 f.
1601 2917 1697 2951 186·;
1720 2914 1755 2946 V.
1774 2916 1824 2952 78,
1843 2922 1895 2954 ep.
1914 2915 1995 2952 146.)

673 2967 810 3000 20859.
831 2987 868 2993 -
889 2970 1000 3001 Eidem
1019 2969 1190 3001 indultum
1210 2969 1376 3001 celebrari
1402 2968 1547 3000 faciendi
1571 2969 1647 2999 ante
1666 2968 1768 2999 diem.
1787 2967 1841 3007 (A.
1868 2968 1917 3004 22,
1941 2967 1965 2998 f.
1992 2968 2049 2999 186
2064 2972 2095 3003 ¹3
2122 2967 2156 2998 V.
2174 2969 2225 3006 78,

629 3032 682 3064 ep.
701 3023 786 3062 147.)
