2592 3562
392 351 451 381 306

424 440 524 466 Datum
543 431 725 466 Avenione.

407 647 423 674 7
440 648 494 681 (vn
510 644 562 678 id.)
578 643 631 679 seb.
650 642 737 671 1325.

532 910 566 937 Ut
587 918 610 937 s.

415 1232 433 1260 8
449 1231 491 1267 (vi
506 1230 559 1262 id.)
574 1229 627 1264 feb.
644 1227 730 1257 1325.

481 1275 511 1302 T.
529 1274 575 1308 xl,
591 1273 661 1301 XIII.

412 1445 430 1471 9
449 1444 477 1478 (v
497 1442 549 1478 id.)
568 1441 622 1477 feb.
643 1439 728 1468 1325.

514 1487 544 1514 T.
562 1486 617 1513 XX.

528 1709 564 1737 Ut
581 1717 604 1735 s.

472 1754 503 1781 T.
523 1753 570 1788 XI,
590 1753 664 1780 XIII.

528 1922 562 1949 Ut
578 1930 601 1948 s.

543 1966 588 1994 Gr.

528 2134 562 2161 Ut
583 2142 605 2161 s.

468 2178 498 2205 T.
520 2179 565 2210 XI,
587 2178 657 2205 XIII.

524 2346 560 2374 Ui
578 2355 601 2373 s.

467 2391 497 2417 T.
516 2391 575 2424 XII,
590 2391 659 2418 XIV.

525 2772 561 2800 Ut
581 2781 604 2800 s.

495 2817 525 2843 T.
543 2816 625 2844 XXII.

524 2984 559 3012 Ut
578 2992 601 3012 s.

484 3027 514 3054 T.
532 3027 564 3062 X,
583 3028 641 3055 ΧΠ.

786 344 959 375 JOANNIS
984 343 1101 374 PAPAE
1123 343 1225 374 XXII.
1250 344 1497 383 (1316-1334).
1520 362 1557 367 -
1581 343 1768 374 LITTERAE
1791 343 2016 375 COMMUNES

813 543 886 575 gnae
902 534 1093 571 abbatibus,
1113 543 1150 565 ac
1165 535 1337 566 Bernardo
1353 535 1393 566 de
1415 534 1634 572 Monteclaro,
1650 543 1753 574 praep.
1768 534 1996 574 Bellimontis,
2015 543 2076 575 per
2092 544 2197 576 praep.
2214 536 2308 568 soliti
2322 536 2414 577 gub„

813 589 1039 628 Magalonen.,
1057 587 1220 627 Agathen.
1240 589 1273 619 et
1287 587 1434 619 Vabren.
1450 587 1510 624 di.,
1529 587 1828 620 monasteriorum.
1843 588 1896 628 (A.
1911 589 1962 628 23,
1977 588 2000 620 f.
2020 589 2078 621 103
2092 593 2121 627 ·;
2138 588 2172 620 V.
2183 589 2234 627 79,
2245 598 2297 629 ep.
2312 590 2415 630 1310.)

859 639 996 671 21537.
1016 659 1051 664 -
1068 641 1214 672 Ebrardo
1239 640 1422 678 Marem-oni,
1439 649 1512 672 can.
1532 640 1613 672 eccl.
1630 641 1776 676 Uticen.‚
1793 641 1833 674 O.
1849 641 1883 673 S.
1902 642 1956 680 A„
1971 642 2081 682 gratia
2096 650 2193 683 exsp.
2210 641 2321 675 benef.
2336 652 2364 675 0.
2384 652 2412 675 0.

813 695 866 726 vel
884 703 911 725 s.
932 704 972 732 c.,
997 704 1056 726 seu
1076 694 1181 733 dign„
1202 694 1254 725 vel
1277 694 1494 733 personatus,
1517 695 1574 725 aut
1591 694 1783 725 administr.
1804 694 1877 726 sive
1895 695 1950 726 off.
1974 696 2049 735 (100
2072 695 2096 727 l.
2114 696 2166 735 t.),
2183 696 2337 728 consueti
2355 704 2416 737 per

813 757 886 780 can.
898 748 1006 788 ejusd.
1019 747 1098 779 eccl.
1116 746 1194 787 gub.
1210 747 1242 778 et
1257 747 1297 778 ad
1311 746 1378 787 ep.i
1390 747 1523 779 Uticen.
1534 747 1647 779 collat.
1662 747 1785 787 pertin.
1804 765 1842 771 --
1857 748 1885 779 I.
1901 756 1930 779 e.
1946 756 1992 780 m.
2005 747 2174 790 archiep.o
2186 748 2413 785 Ebredunen„

813 804 845 834 et
860 801 965 841 priori
981 802 1022 832 de
1037 800 1258 836 Galazanitis,
1284 801 1490 831 Nemausen.
1509 799 1570 838 di.,
1589 809 1627 832 ac
1643 800 1770 832 archid.
1786 801 1993 833 Nemausen.
2010 802 2061 841 (Α.
2075 803 2126 842 24,
2142 801 2165 833 f.
2181 803 2237 834 131
2257 807 2286 840 ¹,-
2310 801 2344 834 V.
2363 804 2413 843 79,

814 864 865 896 ep.
880 855 986 894 2270.)

858 905 993 937 21538.
1013 926 1049 931 -
1067 906 1229 938 Guillelmo
1248 906 1353 937 Grossi
1369 915 1463 946 prov.
1478 915 1596 938 canon.
1612 907 1693 939 eccl.
1711 906 1845 939 Albien.
1863 908 1926 940 sub
1941 916 2037 948 exsp.
2055 908 2159 949 praeb.
2174 910 2207 940 et
2221 909 2312 949 dign.
2322 918 2332 946 ;
2347 917 2415 942 non

814 962 901 993 obst.
921 962 1072 1001 prioratu
1091 960 1203 991 saecul.
1223 959 1303 990 eccl.
1330 960 1370 990 de
1393 959 1594 997 Castaneda‚
1618 968 1646 991 s.
1662 969 1704 999 c.‚
1721 960 1780 1001 qui
1798 969 1859 992 nec
1874 961 1965 1002 dign.
1986 970 2048 993 nec
2064 963 2267 1002 personatus
2282 961 2412 1001 existit,

814 1017 845 1047 et
863 1014 1064 1054 quibusdam
1083 1013 1224 1044 decimis
1241 1013 1282 1044 ad
1299 1021 1452 1044 mensam
1475 1013 1544 1053 ep.i
1562 1013 1697 1045 Albien.
1720 1014 1954 1054 spectantibus
1968 1023 2006 1046 ac
2021 1014 2288 1047 consistentibus
2306 1015 2342 1047 in
2356 1023 2414 1056 pa-

814 1068 938 1099 rochiis
953 1067 1173 1098 ecclesiarum
1188 1075 1215 1097 s.
1232 1075 1260 1097 s.
1282 1066 1487 1107 Hieronymi
1500 1068 1533 1098 et
1549 1067 1692 1099 Andreae
1707 1068 1748 1099 de
1765 1068 1876 1106 Ulmo,
1894 1068 2070 1108 sanctique
2086 1068 2226 1101 Martini
2241 1068 2412 1107 Durbenx,

815 1122 989 1153 Caturcen.
1013 1122 1046 1152 et
1063 1119 1198 1151 Albien.
1217 1120 1264 1151 di.
1286 1137 1325 1143 —
1351 1120 1379 1151 Ι.
1403 1128 1432 1151 e.
1459 1128 1504 1152 m.
1530 1120 1739 1160 Forojulien.
1761 1122 1795 1152 et
1819 1120 1974 1153 Castren.
2001 1121 2102 1162 epis,
2120 1130 2158 1153 ac
2180 1122 2306 1154 decano
2333 1121 2412 1154 eccl.

813 1184 841 1206 s.
859 1174 1018 1214 Stephani
1034 1173 1274 1205 Montisalban.
1294 1173 1348 1214 (A.
1366 1174 1417 1213 24,
1435 1173 1458 1205 f.
1475 1174 1534 1206 500
1548 1173 1577 1211 ¹³3
1599 1173 1635 1205 V.
1652 1175 1703 1210 79,
1725 1183 1778 1214 ep.
1797 1175 1903 1213 2329.)

858 1224 993 1257 21539.
1013 1245 1051 1250 -
1066 1226 1203 1258 Tictzom'
1221 1226 1257 1258 de
1271 1226 1419 1258 Friberck
1434 1227 1543 1267 gratia
1561 1235 1658 1268 exsp.
1672 1227 1783 1259 benef.
1798 1236 1826 1259 s.
1844 1237 1872 1259 c.
1888 1230 1941 1269 (15
1959 1228 2084 1260 march.
2102 1229 2186 1269 arg.)
2202 1228 2238 1260 in
2252 1228 2344 1261 civit.
2358 1228 2414 1261 vel

813 1282 857 1313 di.
875 1281 1132 1320 Vratislavien.,
1149 1281 1271 1320 pertin.
1287 1281 1330 1312 ad
1346 1281 1458 1312 collat.
1473 1281 1553 1321 ep.i,
1565 1289 1632 1312 non
1648 1281 1736 1312 obst.
1753 1281 1888 1322 paroch.
1906 1281 1988 1313 eccl.
2003 1282 2045 1313 de
2057 1281 2301 1320 Albaecclesia,
2317 1281 2414 1315 dictae

813 1336 857 1367 di.
878 1353 915 1358 —
933 1335 960 1366 I.
977 1344 1007 1366 e.
1022 1344 1068 1365 m.
1088 1335 1122 1365 in
1147 1334 1319 1365 Kamencz
1339 1335 1371 1366 et
1390 1334 1426 1365 in
1449 1334 1597 1373 Grisow,
1618 1334 1876 1367 Wratislavien.
1901 1335 1960 1374 di.,
1980 1336 2125 1367 monast.
2154 1335 2245 1375 abb„
2265 1344 2303 1367 ac
2325 1343 2412 1376 mag.

812 1389 938 1421 Busolo
952 1389 992 1419 de
1006 1389 1140 1425 Parma,
1160 1396 1233 1419 can.
1251 1388 1451 1424 Tornacen„
1467 1388 1568 1428 Papae
1582 1388 1768 1428 capellano.
1786 1388 1837 1429 (A.
1855 1390 1904 1426 22,
1921 1389 1944 1419 f.
1961 1390 2021 1421 307
2035 1388 2068 1427 ¹¹5
2091 1388 2128 1420 V.
2148 1390 2198 1427 78,
2219 1397 2272 1429 ep.
2289 1389 2374 1428 735.)

855 1439 993 1472 21540.
1011 1459 1049 1464 -
1064 1441 1211 1472 Sacristae
1230 1441 1399 1482 Uryellen.,
1417 1446 1447 1472 et
1468 1441 1608 1482 archipr.
1624 1452 1649 1473 s.
1671 1441 1799 1483 Αηῃείί,
1818 1452 1853 1473 ac
1872 1442 1990 1473 loanni
2010 1441 2178 1480 Landonis,
2201 1452 2271 1474 can.
2289 1442 2415 1484 majcvrit

817 1496 980 1528 Velletren.
1005 1495 1091 1532 eccl„
1111 1496 1226 1527 mand.
1242 1497 1280 1527 ut
1300 1495 1442 1528 Nicolao
1470 1495 1637 1527 Guidonis
1659 1495 1699 1527 de
1719 1495 1881 1527 Turicula
1898 1495 2032 1534 militis,
2053 1504 2148 1536 perp.
2164 1495 2364 1528 beneficiato
2378 1495 2414 1528 in

812 1559 838 1581 s.
865 1549 988 1589 Angeli
1011 1548 1198 1580 Velletren.
1220 1549 1252 1580 et
1268 1548 1303 1579 in
1329 1557 1356 1580 s.
1379 1548 1514 1580 Nicolai
1536 1548 1577 1580 de
1597 1548 1736 1586 Secano,
1765 1549 2018 1581 Ferentinaten.
2042 1549 2101 1588 di.,
2128 1549 2222 1588 ech.,
2240 1548 2415 1581 conferant

811 1602 1019 1642 archipresb.
1040 1602 1121 1633 eccl.
1146 1611 1174 1633 s,
1195 1602 1379 1634 Clementis
1402 1602 1602 1639 Velletren.,
1625 1611 1697 1634 vac.
1719 1611 1780 1642 per
1806 1602 1936 1634 obitum
1954 1602 2050 1634 Petri
2073 1602 2255 1635 Guidonis.
2281 1602 2336 1643 (A.
2361 1603 2412 1642 22,

811 1658 833 1688 f.
849 1658 907 1688 343
919 1656 948 1692 b;
970 1656 1007 1687 V.
1025 1657 1074 1692 78,
1089 1664 1142 1695 ep.
1163 1657 1247 1694 715.)

855 1707 993 1739 21541.
1008 1727 1047 1732 —
1064 1708 1228 1739 Francisco
1243 1713 1315 1739 nato
1330 1708 1535 1740 Transmundi
1550 1708 1683 1740 Andreae
1695 1709 1758 1740 mil.
1778 1718 1873 1749 prov.
1884 1718 2004 1741 canon.
2023 1709 2087 1741 sub
2106 1718 2203 1750 exsp.
2219 1709 2412 1750 proeb.eccl.

810 1765 843 1795 S.
865 1764 908 1795 M.
933 1764 974 1794 de
1002 1763 1163 1802 piperno,
1191 1763 1407 1794 Terracinen.
1428 1763 1474 1793 di.
1501 1781 1539 1785 -
1554 1763 1580 1794 I.
1599 1771 1627 1794 e.
1648 1771 1693 1794 m.
1720 1771 1796 1803 ep.o
1819 1764 2011 1804 Anagnino,
2038 1764 2072 1794 et
2094 1763 2239 1804 archipr.
2255 1763 2292 1796 S.
2309 1762 2355 1795 M.
2372 1763 2414 1795 de

809 1817 914 1854 Setia,
933 1816 1149 1847 Terracinen.
1165 1816 1222 1850 di.,
1237 1825 1274 1847 ac
1286 1824 1372 1856 mag.
1387 1816 1528 1848 Nicolao
1544 1817 1584 1847 de
1600 1816 1738 1854 Frattis,
1755 1825 1828 1848 can.
1846 1817 2022 1848 Patracen.
2040 1816 2122 1848 eccl.
2135 1816 2188 1856 (A.
2203 1817 2254 1854 22,
2272 1815 2295 1848 f.
2312 1817 2369 1848 401
2382 1821 2412 1854 ⁸5

817 1870 848 1901 V.
868 1872 918 1906 78,
939 1879 991 1909 ep.
1006 1869 1092 1909 721.)

855 1920 992 1953 21542.
1012 1940 1048 1946 -
1066 1921 1226 1954 Guillelmo
1248 1923 1384 1953 Pennen.
1408 1928 1435 1953 ec
1457 1922 1587 1954 Adrien.
1609 1922 1703 1953 electo
1716 1924 1918 1963 prorogatur
1940 1932 2048 1963 usque
2065 1923 2108 1954 ad
2130 1931 2259 1955 annum
2277 1925 2414 1963 tempus

808 1977 995 2017 recipiendi
1021 1978 1205 2008 consecrat.
1226 1978 1258 2007 et
1277 1976 1472 2016 indulgetur
1489 1977 1527 2007 ut
1549 1976 1686 2007 interim
1708 1976 1840 2008 fructus
1862 1976 2016 2008 omnium
2038 1976 2150 2008 benef.
2170 1985 2312 2008 suorum
2328 1976 2412 2008 inte-

808 2040 866 2071 gre
887 2030 1060 2070 percipere
1080 2030 1201 2069 possit,
1217 2038 1293 2060 oum
1316 2030 1356 2060 de
1372 2029 1562 2061 redditibus
1579 2030 1718 2061 Adrien.
1734 2031 1766 2061 et
1783 2030 1933 2061 Pennen.
1951 2031 2031 2062 eccl.
2046 2029 2146 2070 juxta
2163 2030 2218 2062 sui
2232 2030 2343 2062 status
2357 2029 2414 2062 de-

808 2084 954 2115 centiam
972 2083 1147 2114 commode
1165 2083 1352 2114 sustentari
1369 2084 1524 2122 nequeat.
1541 2082 1597 2123 (A.
1609 2084 1659 2118 22,
1673 2083 1696 2114 f.
1713 2084 1773 2114 310
1791 2082 1820 2120 ¹¹5
1848 2083 1878 2114 V.
1899 2084 1949 2120 78,
1969 2091 2022 2123 ep.
2039 2082 2126 2123 747.)

852 2134 990 2167 21543.
1010 2154 1047 2159 -
1064 2136 1182 2167 Joarmi
1195 2136 1231 2166 de
1245 2135 1464 2176 Montejustino
1477 2145 1574 2176 prOV.
1588 2145 1707 2167 canon.
1727 2135 1791 2167 sub
1808 2145 1904 2176 exsp.
1922 2136 2024 2176 praeb.
2043 2136 2124 2168 eccl.
2143 2136 2184 2168 de
2201 2145 2229 2168 s.
2245 2136 2412 2174 Deodato‚

807 2191 942 2222 Tullen.
961 2190 1020 2227 di.,
1039 2191 1080 2222 R.
1097 2190 1135 2221 E.
1154 2190 1350 2221 immediate
1376 2189 1551 2230 subJectae3
1568 2198 1634 2220 non
1659 2189 1746 2220 obst.
1765 2198 1884 2221 canon.
1902 2190 1966 2221 sub
1990 2198 2087 2230 exsp.
2109 2189 2214 2230 praeb.
2233 2189 2314 2222 eccl.
2333 2189 2424 2222 Tul-s

807 2244 875 2275 len.
893 2261 931 2266 —
949 2244 975 2275 1.
996 2252 1025 2275 e.
1042 2253 1088 2274 m.
1105 2244 1294 2274 Luxovien.
1312 2245 1344 2274 et
1360 2243 1516 2281 Bituniae,
1532 2243 1704 2274 Bisuntin.
1723 2243 1781 2280 di.,
1799 2244 1944 2274 monast.
1959 2242 2098 2280 abb-‚ac
2113 2243 2250 2283 Hugoni
2261 2243 2302 2276 de
2316 2243 2412 2275 Mon-

806 2297 980 2337 tejustino,
1001 2306 1073 2328 can.
1094 2297 1280 2336 Lingonen.
1298 2297 1379 2328 eccl.
1399 2296 1451 2337 (A.
1471 2298 1521 2334 22,
1538 2296 1560 2327 f.
1579 2297 1635 2327 311
1654 2296 1683 2333 b;
1704 2296 1741 2328 V.
1761 2298 1812 2333 78,
1831 2305 1884 2336 ep.
1901 2297 1985 2335 767.)

853 2348 988 2380 21544.
1007 2367 1046 2372 -
1062 2350 1223 2381 Leonardo
1246 2355 1318 2380 nato
1339 2360 1368 2380 n.
1391 2360 1420 2382 v.
1436 2350 1604 2381 Matheucii
1620 2349 1657 2381 de
1682 2349 1794 2386 Podio,
1811 2350 1892 2381 cler.
1912 2350 2086 2389 Spoletan.
2107 2349 2167 2386 di.,
2186 2350 2296 2391 gratia
2313 2358 2409 2390 exsp.
2470 2353 2473 2354 ’

806 2404 917 2435 benef.
944 2413 971 2435 0.
989 2413 1017 2435 0.
1035 2403 1089 2435 vel
1105 2413 1133 2435 s.
1149 2413 1189 2440 0.,
1214 2404 1350 2435 etiamsi
1366 2403 1469 2444 dign„
1489 2403 1542 2434 vel
1564 2405 1770 2443 personatus
1795 2404 1852 2435 aut
1879 2403 2092 2443 praebendale
2117 2403 2245 2435 existat
2259 2403 2296 2434 in
2317 2402 2410 2435 civit.

807 2457 861 2488 vel
886 2457 931 2488 di.
948 2457 1139 2494 Tudertin.,
1165 2458 1288 2496 pertin.
1309 2457 1351 2488 ad
1373 2457 1484 2488 collat.
1507 2457 1592 2496 ep.i;
1609 2456 1739 2488 consid.
1761 2456 1971 2497 Napoleonis
1996 2465 2025 2488 s.
2042 2456 2187 2488 Adriani
2202 2456 2288 2488 diac.
2305 2456 2411 2494 card„

807 2511 902 2550 cujus
921 2519 993 2550 cap.
1016 2511 1048 2541 et
1067 2510 1175 2542 famil.
1195 2511 1311 2542 existit
1316 2520 1326 2547 3
1343 2519 1410 2542 non
1427 2510 1514 2542 obst.
1539 2519 1567 2542 s.
1585 2510 1808 2550 Apollinaris,
1827 2519 1855 2541 s.
1872 2510 2049 2542 Laurentii
2067 2511 2101 2542 et
2116 2518 2144 2541 s.
2161 2509 2304 2542 Gerardi
2316 2517 2411 2541 rura-

806 2563 898 2594 libus
912 2563 1005 2600 eccl.‚
1029 2565 1062 2595 et
1074 2564 1110 2594 in
1125 2573 1152 2595 s.
1169 2563 1304 2595 Nicolai
1327 2564 1367 2595 de
1382 2563 1614 2603 Gampobasso
1632 2572 1670 2595 ac
1684 2572 1712 2595 s.
1731 2563 1823 2595 Petri
1841 2563 1882 2594 de
1895 2563 2007 2595 Rocca
2021 2563 2223 2601 Tintiniani,
2237 2562 2410 2603 Spoletan.

806 2618 839 2648 et
854 2617 985 2649 Clusin.
1000 2617 1060 2654 di.,
1075 2617 1155 2648 eccl.
1173 2617 1378 2657 quibusdam
1391 2616 1535 2649 modicis
1549 2616 1659 2649 benef.
1674 2617 1728 2658 (12
1741 2617 1814 2649 flor.
1829 2616 1930 2656 auri),
1943 2625 2018 2657 quae
2033 2617 2205 2648 dimittere
2217 2617 2411 2648 tenetur.—

806 2670 832 2702 Ι.
850 2678 880 2702 e.
900 2679 945 2701 m.
965 2679 1040 2710 ep.0
1056 2670 1219 2708 Paduan.,
1241 2671 1274 2701 et
1290 2670 1398 2711 priori
1422 2679 1450 2702 s.
1466 2670 1587 2711 Angeli
1602 2670 1643 2702 de
1667 2670 1827 2708 Vilhano,
1853 2670 2029 2702 Tudertin.
2050 2670 2111 2707 di.,
2135 2678 2173 2701 ac
2199 2669 2326 2701 archid.
2345 2670 2410 2702 Tu-

806 2723 929 2755 dertin.
944 2723 999 2764 (Α.
1018 2725 1068 2761 22,
1086 2723 1109 2754 f.
1125 2726 1183 2756 411
1203 2729 1232 2761 η
1257 2723 1289 2754 V.
1314 2725 1365 2762 78,
1385 2731 1439 2763 ep.
1453 2723 1539 2764 786.)

851 2771 988 2804 21545.
1005 2792 1045 2798 —
1065 2775 1202 2807 Gabrieli
1217 2775 1253 2806 de
1277 2774 1375 2812 Fara,
1391 2779 1465 2806 nato
1481 2775 1642 2815 Bonifacii
1663 2775 1700 2806 de
1721 2774 1818 2811 Fara,
1837 2783 1931 2815 prow
1951 2783 2070 2806 canon.
2096 2774 2176 2806 eccl.
2201 2774 2330 2815 Regen.
2346 2773 2410 2806 sub

806 2835 901 2867 exsp.
928 2828 1050 2868 praeb.;
1068 2837 1134 2860 non
1153 2828 1241 2860 obst.
1264 2829 1300 2860 in
1324 2829 1442 2860 Asten.
1469 2830 1502 2860 et
1524 2836 1552 2860 S.
1566 2828 1710 2860 Joannis
1736 2829 1777 2860 de
1799 2828 1981 2866 Modoetia,
1997 2827 2224 2860 Mediolanen.
2251 2828 2310 2864 di.,
2327 2827 2409 2860 eccl.

806 2889 924 2912 canon.
944 2883 976 2913 et
1001 2881 1104 2921 praeb.
1126 2899 1165 2905 -
1187 2882 1214 2913 I.
1231 2891 1260 2913 e.
1278 2891 1324 2913 m.
1341 2881 1418 2914 abb.
1435 2883 1580 2914 monast.
1601 2890 1628 2913 s.
1646 2881 1740 2913 Petri
1758 2882 1799 2913 de
1825 2881 2074 2922 Montemajori,
2098 2881 2271 2914 Arelaten.
2297 2881 2357 2919 di.,
2375 2881 2410 2912 et

806 2942 908 2974 praep.
926 2942 964 2965 ac
981 2934 1106 2966 archid.
1125 2935 1207 2966 eccl.
1224 2936 1357 2975 Aquen.
1374 2935 1427 2976 (A.
1443 2936 1494 2972 22,
1512 2935 1534 2966 f.
1552 2936 1613 2967 426
1625 2940 1653 2973 ·;
1676 2935 1712 2966 V.
1729 2936 1779 2972 78,
1796 2943 1849 2975 ep.
1867 2936 1954 2974 847.)

851 2984 987 3016 21546.
1007 3004 1045 3009 —
1059 2987 1213 3020 Andriolo
1227 2994 1299 3019 nato
1314 2988 1486 3030 supradicti
1501 2988 1659 3029 Bonifacii
1676 2989 1749 3020 ead.
1761 2989 1871 3028 gratia
1888 2988 1924 3019 in
1942 2987 2024 3020 eccl.
2039 2988 2203 3021 Tolonen.
2212 2997 2222 3026 ;
2239 2996 2306 3020 non
2319 2988 2406 3022 obst.

806 3040 896 3080 quod
920 3041 954 3072 in
972 3041 1006 3073 S.
1031 3042 1076 3073 M.
1093 3041 1134 3073 de
1154 3042 1323 3083 Vigizello
1341 3042 1405 3074 sub
1428 3051 1522 3083 exsp.
1544 3042 1649 3082 praeb.
1678 3044 1766 3074 auct.
1785 3043 1894 3082 apost.
1919 3042 1955 3073 in
1979 3050 2053 3074 can.
2071 3041 2118 3073 sit
2135 3042 2303 3083 receptus,
2321 3042 2355 3074 et
2372 3041 2408 3073 in
