2592 3562
297 537 315 564 6
330 537 388 564 dec.
411 535 498 564 1324.

317 581 377 608 lnd.
396 580 471 609 vl1·.

234 645 255 672 ⁶·
269 643 309 680 (in
325 643 398 671 sesto
413 642 490 670 beati
506 642 561 669 Mi-

209 689 318 717 chaelis
329 687 387 723 ep.i
399 689 428 715 et
438 686 583 714 confesso-

228 733 282 769 ris)
295 740 387 760 mense
401 731 460 759 dec.
479 731 567 759 1324.

237 803 258 831 9
271 803 301 838 (v
320 802 372 838 id.)
390 801 448 829 dec.
467 799 554 828 1324.

227 909 353 937 Arimini
367 908 385 936 9
401 907 459 935 dcc.
479 906 567 935 1324.

209 1015 232 1043 9
248 1014 306 1043 dec.
326 1014 361 1047 (ΙΙ
373 1012 520 1041 dominica
531 1013 584 1039 Ad-

287 1060 402 1093 ventus)
423 1058 512 1100 1324.

297 1175 315 1202 9
331 1174 389 1202 dec.
409 1172 496 1201 1324.

290 1332 326 1360 10
343 1332 400 1360 dec.
420 1331 508 1360 1324.

229 1551 332 1578 Datum
345 1547 380 1578 in
392 1551 501 1578 castro
513 1555 585 1578 meo

335 1600 469 1643 Wetyn.

247 1652 284 1680 13
301 1652 365 1688 (id.)
384 1652 442 1679 dec.
463 1651 552 1679 1324.

291 1706 327 1734 15
343 1706 401 1733 dec.
421 1705 510 1733 1324.

326 1750 388 1778 lnd.
405 1749 477 1777 Vl1·.

213 1815 264 1841 Die
283 1813 423 1840 dominica
437 1812 508 1840 XVI
525 1811 584 1839 dec.

276 1857 364 1890 1324,
380 1857 440 1884 ind.
458 1856 528 1883 vu·.

289 1974 327 2001 16
344 1973 403 2001 dec.
421 1973 510 2001 1324.

326 2017 387 2045 Ind.
403 2017 476 2045 vl12.

363 2079 399 2107 Ut
413 2088 438 2107 s.

246 2241 297 2268 Die
314 2240 386 2267 lunae
402 2239 485 2266 XVII
498 2238 556 2266 dec.

356 2282 444 2311 1324.

291 2346 332 2374 23
349 2346 407 2374 dec.
426 2344 514 2373 1324.

365 2504 402 2532 Ut
418 2512 442 2531 s.

292 2611 333 2639 23
349 2611 407 2638 dec.
425 2608 514 2637 1324.

323 2655 385 2683 Iud.
405 2654 479 2682 v{1⁵.

220 2771 262 2800 25
276 2770 335 2799 dec.
352 2770 408 2806 (dic
424 2768 593 2798 Nativitatis

287 2814 414 2851 Domini)
433 2813 523 2842 1324.

331 2858 394 2887 lnd.
409 2858 481 2886 vir.

219 2930 260 2960 30
280 2930 339 2959 dec.
363 2929 525 2966 (Dominica
546 2928 596 2956 in-

249 2975 294 3002 fra
306 2976 438 3003 octavam
454 2973 569 3002 Nativi-

271 3019 342 3048 tatis
356 3018 437 3054 D.ni)
451 3018 543 3054 1324.

461 343 714 375 APPENDICES
737 344 793 374 AD
816 345 962 375 NONUM
985 345 1179 376 BULLARII
1202 346 1374 377 JOANNIS
1397 347 1486 378 XXII
1508 348 1666 379 ANNUM.
1692 367 1730 371 —
1752 349 1985 387 (1316-1334)
2171 350 2230 380 461

687 532 823 564 23270.
842 552 880 558 -
902 536 1062 566 Instrum.
1088 535 1330 575 publicationis
1355 538 1577 576 quorumdam
1594 547 1813 577 processuum
1829 540 1864 570 in
1881 540 1959 571 eccl.
1978 540 2016 572 O.
2036 541 2068 571 S.
2087 541 2128 571 A.
2150 541 2232 572 For-

640 588 726 620 livii.
746 588 903 627 (Armario
923 588 958 625 C,
977 589 1053 628 fasc.
1071 590 1122 625 70,
1140 599 1170 618 n.
1190 591 1226 625 43
1240 599 1329 630 perq.
1348 592 1505 630 parvum.)

687 639 825 671 23271.
844 658 881 663 -—
900 642 1029 672 Littera
1046 642 1187 673 Joannis
1203 642 1328 680 prioris
1350 643 1450 673 vallis
1475 652 1501 673 s.
1521 644 1669 683 Georgii,
1697 644 1886 676 Gai-tusien.
1907 646 1992 681 ord„
2011 647 2153 677 AEduen.
2174 646 2234 683 di.,

642 695 684 726 ad
702 703 815 734 epum
831 695 975 726 AEduen.
999 695 1038 725 de
1059 694 1288 734 publicatione
1303 704 1526 734 processuum
1550 699 1664 727 contra
1688 697 1896 728 Ludovicum
1915 699 2093 729 Bavarum.
2113 699 2236 737 (Arma-

642 748 689 778 rio
709 747 744 785 C,
762 748 840 787 fasc.
859 749 910 784 70,
927 758 958 777 η.
977 749 1032 783 12;
1048 757 1137 788 per-9.
1152 751 1309 788 parvum.)

688 798 824 830 23272.
840 819 878 823 -
896 801 1165 832 Instrumentum
1185 800 1427 840 publicationis
1444 810 1664 840 processuum
1682 803 1798 833 contra
1812 803 2019 834 Ludovicum
2039 804 2156 835 ducem
2173 805 2234 835 Ba-

643 854 744 885 variae
760 854 795 885 in
814 854 894 885 eccl.
913 854 1064 885 Elnensi.
1085 853 1244 894 (Armario
1262 852 1298 890 C,
1312 853 1390 892 fasc.
1406 855 1458 890 50,
1479 865 1508 884 η.
1525 857 1560 890 63
1575 856 1678 894 pez-9.)
2275 843 2277 845 ¹

687 905 827 937 23273.
845 925 883 930 -
898 907 1166 938 Instrumenturn
1185 915 1251 945 quo
1265 907 1396 936 constat
1412 907 1612 937 conventum
1629 907 1771 937 fratrum
1784 907 2008 938 Eremitarum
2025 909 2065 939 de
2082 909 2236 941 Arimino
2270 906 2274 909 ’

643 961 836 1001 publicasse
854 968 1034 999 processus
1056 961 1172 990 contra
1187 958 1397 990 Ludovicum
1418 960 1597 990 Bavarum.
1617 959 1773 997 (Armario
1794 958 1830 995 C,
1849 960 1928 999 fasc.
1946 962 1995 999 51,
2019 971 2048 991 η.
2069 963 2122 998 22;
2137 965 2235 1002 perq.)

689 1010 826 1043 23274.
844 1031 882 1035 -
897 1013 1032 1044 Relatio
1051 1011 1295 1052 publicationis
1313 1011 1408 1042 factae
1426 1012 1460 1042 in
1486 1012 1566 1042 eccl.
1590 1013 1622 1042 et
1638 1012 1805 1043 cimiterio
1824 1013 1864 1043 de
1884 1013 2087 1052 Perpiniano
2103 1023 2237 1053 proces-

644 1076 745 1099 suum
760 1068 876 1097 contra
899 1065 1110 1097 Ludovicum
1130 1065 1250 1095 ducem
1277 1065 1430 1095 Bavariae
1452 1066 1483 1095 et
1508 1064 1598 1095 filios
1615 1064 1748 1095 Mathaei
1765 1066 1806 1095 de
1824 1065 2099 1097 Vicecomitibus.
2116 1067 2239 1107 (Arma-

643 1121 690 1151 rio
710 1120 744 1157 C,
760 1120 838 1160 fasc.
857 1121 908 1156 45,
925 1129 956 1150 η.
979 1120 1035 1155 18;
1051 1127 1140 1159 perq.
1156 1117 1313 1158 parvum.)

689 1170 827 1202 23275.
852 1190 889 1195 -
912 1172 1182 1203 instrumentum
1202 1170 1376 1209 publicum
1393 1170 1635 1209 publicationis
1653 1179 1874 1210 processuum
1899 1173 2014 1202 contra
2031 1173 2240 1204 Ludovicum

643 1228 812 1258 Bavarum
830 1225 864 1256 in
880 1224 1022 1256 ecclesia
1037 1225 1074 1255 B.
1094 1224 1139 1255 M.
1156 1223 1362 1263 Magdalenae
1380 1224 1420 1254 de
1436 1224 1558 1255 Sancto
1576 1223 1737 1261 Maximo,
1758 1224 1798 1255 O.
1818 1223 1868 1261 Ρ.,
1888 1224 2093 1256 Avenionen.
2118 1224 2239 1265 (Arma—

643 1281 690 1310 rio
705 1278 741 1316 C,
755 1288 835 1319 fasc.
853 1280 904 1315 53,
918 1289 948 1308 η.
968 1279 1033 1316 28.)

688 1330 828 1362 23276.
848 1349 886 1355 -
903 1332 1171 1362 Instrumentum
1187 1329 1431 1369 publicationis
1448 1338 1668 1369 processuum
1686 1331 1801 1361 contra
1822 1331 2032 1362 Ludovicum
2048 1332 2165 1362 ducem
2182 1333 2241 1363 Ba-

644 1386 746 1417 variae
762 1386 797 1416 in
813 1385 893 1416 eccl.
912 1385 952 1416 de
968 1384 1124 1419 Luciaco,
1142 1384 1315 1414 Plctaven.
1339 1383 1386 1413 di.
1408 1384 1531 1414 Actum
1546 1383 1600 1414 die
1617 1383 1705 1414 lunae
1722 1385 1796 1422 post
1815 1383 1971 1423 hyemale
1989 1384 2111 1415 festum
2134 1385 2166 1415 b.
2184 1385 2242 1416 Ni·

644 1439 754 1471 cholai
771 1440 860 1475 1324,
879 1438 947 1469 ind.
965 1438 1072 1472 Villa,
1087 1437 1228 1468 Joannis
1245 1437 1343 1467 XXII
1360 1445 1448 1467 anno
1466 1437 1535 1467 IX0.
1553 1437 1712 1476 (Armario
1731 1436 1766 1472 C,
1787 1437 1864 1474 fasc.
1879 1438 1929 1475 52,
1948 1447 1979 1467 n.
1997 1438 2049 1475 195
2065 1447 2151 1479 per-9.
2171 1448 2240 1478 par-

644 1495 738 1531 vum.)

691 1543 826 1575 23277.
846 1563 883 1568 -
901 1544 1031 1575 Littera
1046 1542 1242 1579 Borchardi‚
1262 1543 1424 1582 archiep.i
1439 1542 1712 1583 Magdeburgen.,
1728 1552 1794 1582 qua
1809 1543 1912 1574 refert
1928 1552 1963 1574 se
1978 1545 2157 1575 mandasse
2174 1545 2241 1575 suf-

646 1599 818 1639 fraganeis
845 1598 918 1628 suis
945 1605 1126 1637 processus
1165 1596 1387 1635 publicandos
1419 1599 1535 1627 contra
1565 1596 1774 1627 Ludovicum
1813 1597 1991 1628 Bavarum.
2022 1597 2180 1637 <Ammo
2205 1597 2240 1633 C,

645 1653 722 1693 fasc.
738 1654 789 1688 52,
809 1662 841 1683 n.
859 1653 894 1688 83
907 1651 1010 1691 pery.)

692 1702 826 1735 23278.
846 1722 884 1727 -
903 1705 1066 1735 instrum.
1085 1702 1328 1743 publicationis
1343 1711 1562 1742 processuum
1577 1704 1692 1733 contra
1704 1702 1913 1733 Ludovicum
1928 1703 2094 1734 Bavarum
2110 1703 2144 1733 in
2161 1703 2240 1734 eccl.

646 1768 674 1790 s.
693 1768 721 1790 s.
738 1758 980 1797 Apostolorum
993 1757 1033 1788 de
1047 1757 1258 1788 Urbeveteri.
1278 1756 1435 1794 (Armario
1452 1755 1486 1790 C,
1502 1756 1580 1795 fasc.
1599 1757 1649 1791 58,
1668 1767 1698 1785 η.
1713 1757 1746 1791 5;
1764 1765 1852 1795 perq.
1865 1756 2013 1791 strictum,
2029 1755 2080 1786 sed
2095 1755 2244 1796 longum.)

691 1809 830 1842 23279.
850 1829 888 1833 -
902 1810 1171 1842 Instrumentum
1188 1809 1430 1849 publicationis
1446 1818 1667 1848 processuum
1683 1810 1798 1839 contra
1818 1809 2027 1839 Ludovicum
2046 1810 2164 1840 ducem
2182 1810 2243 1840 Ba-

646 1866 749 1897 variae
766 1866 801 1896 in
827 1864 908 1895 eccl.
926 1864 1069 1895 fratrum
1092 1863 1322 1894 Eremitarum
1340 1862 1380 1894 O.
1402 1862 1434 1893 S.
1465 1863 1505 1894 A.
1531 1862 1571 1893 de
1588 1863 1707 1893 Janua.
1730 1861 1887 1901 (Armario
1912 1861 1947 1899 C,
1971 1862 2048 1901 fasc.
2065 1863 2115 1899 52,
2134 1872 2164 1892 η.
2188 1863 2242 1898 20;

643 1929 731 1960 perq.
751 1918 909 1959 parvum.)
930 1956 935 1962 Ι

690 1968 828 2002 23280.
851 1988 890 1993 -
904 1971 991 2002 Item
1011 1970 1046 2000 in
1067 1969 1211 2001 ecclesia
1233 1977 1261 2004 s.
1283 1969 1427 2000 Andreae
1444 1969 1483 2000 de
1502 1967 1720 2000 Radicofano.
1741 1968 1899 2008 (Ar-mario
1915 1967 1949 2006 C,
1970 1968 2047 2008 fasc.
2067 1969 2116 2003 58,
2139 1978 2168 1999 n.
2191 1969 2243 2005 143

642 2026 748 2066 per-9.)

691 2075 830 2108 23281.
848 2095 886 2100 -
901 2077 1036 2108 Relatio
1052 2075 1295 2115 publicationis
1309 2084 1530 2115 processuum
1547 2076 1662 2106 eontra
1675 2075 1764 2106 filios
1778 2075 1911 2106 Mathaei
1925 2075 1965 2105 de
1980 2073 2245 2106 Vicecomitibus

648 2132 689 2162 de
706 2131 897 2162 Mediolano
915 2130 1009 2161 factae
1026 2130 1060 2160 in
1074 2129 1155 2160 eccl.
1173 2128 1207 2160 b.
1225 2128 1343 2160 Jacobi
1359 2128 1503 2159 fratrum
1524 2128 1752 2159 Eremitarum
1770 2128 1809 2160 O.
1826 2129 1859 2160 S.
1877 2128 1918 2159 A.
1937 2128 2107 2159 Bononiae.
2123 2127 2245 2166 (Arma-

648 2185 698 2215 rio
718 2183 753 2220 C,
769 2184 845 2223 fasc.
863 2185 914 2220 44,
929 2193 960 2212 n.
981 2186 1013 2220 1;
1027 2184 1129 2223 perq.)

696 2234 832 2266 23282.
849 2255 887 2260 -
905 2236 1067 2267 Instrum.
1084 2235 1326 2275 publicationis
1340 2243 1562 2274 processuum
1577 2236 1692 2266 contra
1707 2234 1917 2265 Ludovicum
1932 2234 2099 2265 Bavarum
2113 2234 2147 2264 in
2163 2233 2244 2264 eccl.

649 2290 689 2322 O.
707 2290 741 2321 S.
757 2290 799 2320 A.
816 2289 1006 2320 Parmensi.
1029 2288 1189 2327 (Armario
1209 2287 1244 2324 C,
1262 2288 1339 2327 fasc.
1358 2289 1408 2326 54,
1427 2298 1458 2317 η.
1477 2289 1531 2325 183
1546 2297 1633 2327 pery.
1651 2289 1808 2328 parvum.)

697 2339 832 2371 23283.
858 2359 897 2365 -
914 2342 1076 2372 lustrum.
1100 2340 1275 2381 publicum
1298 2349 1365 2380 quo
1383 2340 1530 2371 refertur
1551 2341 1683 2372 litteras
1706 2341 1746 2371 de
1773 2340 2000 2380 publicatione
2025 2347 2246 2379 processuum

650 2398 766 2428 contra
782 2394 991 2426 Ludovicum
1008 2395 1177 2426 Bavarum
1193 2394 1406 2433 presentatas
1421 2393 1529 2424 fuisse
1546 2394 1652 2433 priori
1676 2394 1716 2425 de
1733 2394 1887 2431 Caturco,
1905 2394 1943 2425 Ο.
1964 2393 2016 2431 Ρ.,
2034 2393 2079 2423 di.
2099 2401 2126 2423 s.
2142 2392 2247 2423 Flori-

649 2449 807 2489 (Armario
826 2447 861 2484 C,
876 2448 953 2488 fasc.
969 2449 1019 2483 53,
1037 2457 1067 2478 n.
1083 2448 1122 2479 29
1131 2456 1140 2484 ;
1157 2456 1246 2487 perq.
1264 2456 1330 2476 cum
1345 2445 1445 2486 siyillo
1464 2456 1539 2476 cerae
1554 2446 1676 2487 niqrae.)

695 2498 831 2531 23284.
847 2518 886 2524 -
899 2501 1033 2532 Relatio
1049 2500 1292 2540 publicationis
1306 2507 1527 2539 processuum
1543 2501 1659 2531 contra
1670 2499 1760 2530 filios
1775 2499 1910 2531 Mathaei
1927 2499 1966 2530 de
1983 2497 2247 2531 Vicecomitibus

649 2555 685 2586 in
703 2555 784 2587 eccl.
802 2553 1049 2586 Lomberiensi.
1068 2553 1226 2593 (Ar-mario
1246 2551 1281 2590 C,
1298 2552 1375 2592 fasc.
1389 2554 1441 2588 45,
1458 2562 1488 2582 η.
1508 2554 1525 2584 3
1534 2562 1543 2588 ;
1555 2555 1657 2592 perq.)

694 2605 830 2637 23285.
852 2625 889 2629 -
907 2607 1041 2639 Relatio
1065 2606 1308 2646 publicationis
1333 2606 1501 2636 dictorum
1525 2614 1746 2645 processuum
1771 2606 1803 2637 et
1820 2605 2106 2644 indulgentiarum
2131 2605 2247 2635 contra

649 2662 740 2694 filios
759 2660 893 2692 Mathaei
914 2661 954 2691 de
976 2660 1167 2692 Mediolano
1186 2658 1428 2690 dimicantibus
1445 2667 1683 2690 concessarum
1700 2659 1734 2689 in
1755 2659 1835 2690 eccl.
1854 2658 1919 2689 loci
1935 2658 1973 2689 F.
1997 2658 2040 2688 M.
2060 2665 2087 2687 s.
2103 2656 2245 2687 Joannis

650 2714 877 2755 Evangelistae
892 2714 932 2745 de
948 2713 1124 2751 Faventia,
1143 2713 1182 2746 Ο.
1199 2713 1233 2744 S.
1252 2714 1293 2744 A.
1312 2711 1470 2752 (Armario
1487 2711 1523 2749 C,
1538 2712 1617 2752 fasc.
1634 2713 1684 2748 42,
1702 2722 1733 2741 n.
1752 2713 1806 2748 2Ὶ;
1819 2721 1907 2752 perq.
1923 2709 2080 2751 parvum.)

695 2765 835 2798 23286.
853 2786 892 2790 -
907 2767 1040 2799 Relatio
1057 2766 1299 2806 publicationis
1322 2774 1545 2805 processuum
1567 2766 1682 2796 contra
1700 2765 1789 2796 filios
1811 2763 1944 2796 Mathaei
1970 2763 2010 2794 de
2034 2761 2247 2793 Vicecomiti·

650 2822 715 2854 bus
730 2822 764 2852 in
781 2821 925 2853 ecclesia
941 2821 982 2853 Ο.
1001 2820 1034 2852 S.
1052 2821 1092 2852 A.
1110 2820 1151 2851 de
1167 2820 1288 2851 Janua.
1305 2819 1465 2859 (Armario
1481 2817 1604 2858 C,sasc.
1620 2820 1671 2857 45,
1693 2828 1724 2848 n.
1739 2820 1773 2853 63
1792 2827 1878 2857 perq.
1895 2815 2050 2856 parvum.)

698 2925 834 2958 23287.
847 2945 887 2951 —-
901 2927 1169 2958 Instrumentum
1186 2926 1428 2966 publicationis
1443 2933 1662 2964 processuum
1679 2925 1794 2955 contra
1808 2922 2015 2953 Ludovicum
2031 2921 2197 2952 Bavarum
2214 2918 2246 2949 in

653 2982 789 3013 civitate
806 2981 975 3021 Rupellis.
995 2979 1153 3018 (Armario
1173 2979 1208 3017 C,
1225 2979 1302 3020 fasc.
1324 2980 1374 3017 52,
1395 2989 1426 3008 n.
1446 2980 1502 3014 23;
1520 2987 1609 3018 perq.
1624 2987 1755 3018 parvum
1771 2986 1835 3006 cum
1853 2973 1953 3015 siqillo
1974 2983 2046 3004 cerae
2062 2973 2156 3013 niqrae
2177 2971 2248 3002 Ber-

654 3034 745 3066 nardi
762 3033 881 3066 archid.
899 3033 1132 3075 Rupellarum.)
